2856 4978
339 211 345 220 ⁸
465 237 571 316 leder
592 210 758 328 munde.
1088 239 1198 316 Μ’
1284 207 1287 220 ’

77 447 135 530 pue
156 428 235 528 edet
268 443 303 495 et
328 403 512 518 imaginem
531 429 577 495 'iu
598 416 746 496 'animali
767 441 895 504 tetam,
926 441 961 493 et
981 423 1106 494 animal
1124 426 1165 496 in
1278 423 1280 428 ’

74 534 132 578 lm!
166 526 350 579 ile'issiilm·

146 643 154 659 .
184 590 299 664 'Omne
327 595 488 685 liquidem
515 599 608 684 quod
627 595 665 661 in
687 615 727 661 ea
748 591 1004 672 conditdrl'uur
1023 593 1166 682 primur*
1214 669 1217 675 ¹

75 677 194 744 dialitei·
214 679 355 755 creavit,
378 691 488 747 tetum
509 679 747 773 integrumque
767 693 901 755 manet,
922 681 1034 743 adhue
1052 691 1170 744 tamen·
1271 683 1291 700 ”

75 763 164 836 latet,
192 763 432 829 revelationem
457 763 605 849 liliorum
625 763 691 828 Dei
712 772 902 848 expectant.
945 765 989 825 D.
1010 763 1089 827 Non
1110 781 1167 828 nae

73 843 199 910 foruffic
223 861 396 922 moveret,
424 848 449 911 fi
475 846 561 911 mihi
582 846 842 913 clare.luaderea
864 849 958 933 quod
977 866 1038 932 per
1057 845 1166 932 meip-

73 927 339 1076 imperspicue
359 952 430 995 non
451 932 558 994 valent
601 933 653 994 De
675 929 784 995 libero
805 949 952 1030 nampue
971 944 1087 994 utrum
1107 931 1168 994 ho·

70 1032 119 1075 mo
190 1035 259 1078 nen
282 1028 438 1101 peccaret
458 1013 580 1078 animal
603 1015 699 1078 effeta
736 1016 828 1101 qued
850 1029 951 1078 ettam
973 1011 1039 1078 alio
1061 1015 1166 1078 modo
1237 1041 1239 1046 ¹

70 1095 186 1180 pedum
209 1096 320 1162 dicere
341 1119 425 1162 num
446 1100 549 1162 home
573 1113 653 1196 ante
670 1112 849 1184 peccatum
871 1096 1104 1179 animalitati
1129 1095 1167 1161 si

68 1197 130 1242 nou
150 1195 235 1255 erat,
272 1201 332 1245 cur
353 1195 485 1246 tantum
505 1182 732 1246 laboravimus
754 1196 969 1268 quaerentes,
1004 1195 1042 1245 et
1061 1195 1102 1244 ut
1123 1179 1168 1244 est

68 1259 165 1326 visum
185 1261 419 1341 invenientes,
443 1263 480 1344 iu
501 1263 682 1329 universali
704 1263 900 1328 animalium
922 1284 1045 1353 genere
1058 1262 1170 1328 homi-¹

68 1364 137 1409 uem
157 1345 289 1412 editum
309 1349 383 1414 effe.
427 1344 464 1412 Si
492 1347 583 1412 enim
605 1347 643 1412 in
666 1369 707 1412 ee
728 1369 851 1436 genere
870 1369 942 1413 non
967 1347 1011 1412 est
1030 1347 1168 1434 beetut;

69 1443 120 1523 put
137 1430 276 1495 omnine
300 1447 378 1495 ante
393 1446 577 1530 peccatum
598 1431 721 1496 animal
742 1451 813 1498 non
835 1447 924 1507 erat,
961 1429 1063 1496 aut'fi
1084 1445 1165 1508 erat,

68 1510 179 1577 raalio
201 1536 325 1600 genere
346 1513 724 1580 animaliumcouditut
746 1529 833 1589 erat;
857 1516 949 1602 qued
960 1527 1027 1579 nec
1039 1513 1170 1579 Divina

67 1593 226 1680 Scriptura
258 1597 465 1672 introducit,
498 1619 563 1664 nec
592 1598 737 1686 diligent
762 1595 905 1664 rationis
933 1595 1107 1684 inquisitio
1128 1595 1168 1662 in
1249 1625 1253 1633 ·

67 1692 178 1742 nature
201 1698 317 1746 rerum
347 1681 494 1768 reperit..
526 1681 651 1746 Omnia
672 1681 765 1746 enim
786 1680 943 1746 animalia
962 1680 1000 1744 in
1020 1701 1091 1746 uno
1114 1701 1170 1768 ge·
1218 1693 1226 1714 ·

65 1781 136 1825 uere
155 1763 349 1841 subtiliant,
372 1787 391 1830 a
412 1786 479 1852 quo
502 1786 562 1851 per
583 1765 762 1832 divilienea
782 1766 983 1851 precedunt.
1026 1767 1070 1828 At
1090 1761 1167 1828 liin

67 1863 100 1908 eo
128 1851 220 1932 quud
248 1847 430 1934 scriptum,
463 1850 632 1913 Producat
655 1863 747 1912 terra
773 1851 916 1911 animum
943 1850 1056 1911 vivam
1077 1845 1170 1911 iuter
1258 1880 1261 1892 ·

65 1925 211 1996 animalia
232 1947 365 1996 caetera
385 1930 540 1997 conditio
563 1931 710 1998 hominia
732 1931 926 1996 introducta
939 1931 982 1994 eli
994 1945 1073 1994 ante
1090 1939 1169 2030 pee-

65 2026 183 2088 catum,
218 2017 393 2102 quomodo
424 2015 590 2082 Psalmilla
618 2015 726 2080 veluti
754 2037 917 2104 magnum
946 2015 1170 2100 opprobrium

65 2093 222 2163 humanae
244 2115 386 2163 naturae
406 2100 478 2185 poli
497 2101 628 2185 lapsum
648 2097 797 2186 ingerit?
823 2099 957 2166 dicent:
978 2101 1169 2164 Humerum

64 2179 225 2245 itkanm
250 2178 333 2274 effer
351 2205 416 2247 non
437 2185 624 2259 intellexit,
646 2198 857 2265 comparatus
869 2181 927 2332 1ss
936 2185 1102 2270 jumentis
1121 2183 1169 2245 in·
1252 2214 1268 2224 2

56 2257 267 2346 fipientibrar,
290 2280 325 2331 et
334 2265 460 2353 fimilis
470 2263 594 2358 factus
615 2265 664 2359 est
684 2269 760 2332 tttts.
788 2266 854 2331 Ubi
898 2268 1039 2353 ropheta
1053 2277 1169 2351 aperte

62 2343 187 2412 videtur
232 2350 433 2415 renuntiare
453 2350 628 2416 hominem
650 2367 729 2415 ante
749 2351 878 2436 luplum
899 2350 937 2414 in
958 2352 1090 2414 honere
1104 2345 1186 2434 lpin

63 2426 183 2518 ritualia
204 2373 408 2499 iubilantiae
428 2436 515 2520 ultra
538 2433 694 2498 omnium
716 2433 912 2498 animalium
925 2449 1081 2498 naturam
1094 2432 1169 2495 iub·

64 2507 180 2607 ditiile,
203 2536 246 2582 eo
268 2539 349 2596 vere
370 2519 520 2592 labente,
545 2515 812 2616 dignitatemque
837 2517 914 2580 suae
933 2531 1072 2579 naturae
1093 2533 1170 2580 nou
1233 2532 1238 2546 ·

63 2599 289 2746 tutellipentc,
331 2601 368 2666 in
402 2601 649 2666 contumeliam.
676 2605 907 2682 jumentorum
938 2596 1169 2663 similitudinis

63 2679 160 2747 cecidi
188 2707 217 2750 e.
264 2684 300 2748 Si
325 2701 443 2750 autem
476 2699 554 2748 ante
581 2685 711 2783 lapsum
740 2681 863 2748 animal
893 2696 981 2759 erat,
1015 2701 1076 2746 cur
1094 2678 1176 2766 poll
1228 2739 1230 2748 s
1322 2741 1324 2751 r

60 2761 180 2858 lapsum
201 2767 240 2832 in
267 2787 306 2832 co
328 2768 410 2848 julie
428 2771 687 2854 reprehenditur
701 2765 897 2830 animalium
913 2761 1168 2828 fimilitudinem

61 2850 245 2926 incurrisse,
281 2851 402 2937 quibua
433 2850 632 2916 naturaliter
652 2851 712 2915 sub
732 2870 803 2915 uno
849 2869 948 2914 encre
969 2850 1170 2912 concreatur

60 2930 109 2995 est.
152 2937 200 2998 Μ.
226 2932 353 3000 Merito
376 2933 575 3000 deliberares
596 2935 620 2997 fi
639 2937 805 3020 propheta
817 2871 1011 3017 impliciter
1026 2927 1167 3004 diridet,

62 3033 269 3102 comparatur
292 3019 336 3082 est
356 3019 517 3097 jumentie
541 3033 574 3081 et
595 3017 708 3082 fimitis
730 3017 838 3080 factua
861 3015 907 3078 est
925 3014 1004 3078 illia.
1030 3013 1169 3080 Addene

58 3117 130 3164 rere
146 3101 311 3181 jumentis
327 3101 562 3188 inlipicntibua
583 3099 658 3165 satie
674 3098 836 3187 patefecit
867 3101 936 3163 uod
944 3096 1053 3164 inhoc
1062 3099 1167 3161 homo
1287 3161 1290 3166 ,

58 3185 197 3249 maxime
226 3186 504 3274 reprehenditur,
539 3185 618 3271 quia
648 3187 729 3248 dum
751 3185 830 3248 effet
844 3121 1022 3269 ipirituale
1040 3179 1167 3244 ¹animal

59 3279 90 3326 et
118 3268 252 3356 sapiene
288 3267 325 3332 in
357 3269 465 3368 prima
496 3268 545 3330 lui
568 3267 767 3333 conditione
787 3271 830 3332 ad
849 3265 1032 3362 imaginem
1056 3262 1112 3330 dei
1133 3277 1191 3327 et·

56 3347 328 3424 fimitiaudinem,
357 3354 428 3440 rple
456 3351 653 3438 insipienter
680 3366 714 3415 et
740 3347 1016 3415 irrationabiliter
1042 3349 1076 3412 le
1095 3365 1169 3411 mo·

8 3431 9 3440 ’
56 3453 136 3498 vene
167 3452 291 3501 centra
312 3435 363 3499 lui
385 3435 571 3500 conditoria
592 3438 809 3508 mandatum,
843 3431 1079 3532 infipientiuur
1098 3427 1169 3528 ani·

55 3517 191 3584 realium
223 3519 480 3584 similitudinem
502 3518 653 3592 attraxit,
689 3537 873 3603 eorumque
893 3515 1169 3580 inconveniente
1213 3589 1216 3594 Ι

55 3601 113 3666 bue
141 3601 306 3670 motibus·
329 3603 389 3668 libi
419 3603 606 3666 naturalem
626 3616 765 3664 naturae
787 3601 865 3664 [uae
885 3596 1092 3663 honestatem
1112 3595 1169 3657 ‹le-

55 3685 252 3752 honestavit.
296 3687 375 3753 Non
406 3686 498 3750 enim
527 3684 563 3766 in
586 3703 627 3748 eo
647 3686 821 3758 laudatur,
852 3683 945 3768 quod
966 3677 1091 3744 animal
1112 3675 1167 3752 est,

55 3769 108 3834 led
129 3775 227 3858 quod
249 3771 362 3857 imago
383 3769 449 3834 Dei
473 3768 531 3844 est,
554 3767 640 3832 ficut
661 3767 698 3830 in
716 3787 756 3831 ee
771 3787 843 3831 non
852 3764 1066 3863 vituperatur
1076 3761 1169 3848 quod

56 3853 194 3930 animal,
232 3854 289 3919 led
317 3849 410 3941 quod
430 3853 613 3939 imaginem
636 3849 821 3915 deformare
841 3849 953 3913 rolurt
973 3865 1074 3933 quam
1095 3864 1168 3930 per·

55 3937 129 4002 dere
157 3958 237 4004 non
265 3937 391 4025 potuit.
433 3939 519 4001 Nam
552 3935 589 3998 in
612 3933 750 3999 caeteria
772 3930 973 3997 animalibus
993 3925 1168 3993 irrationa-

55 4019 135 4085 bilea
156 4035 276 4088 mutua
297 4037 412 4108 turpet
432 4039 503 4085 nen
525 4020 621 4094 lunt,
652 4020 732 4082 dum
753 4015 950 4080 naturaliter
971 4011 1019 4078 eie
1039 4012 1166 4088 insunt,

55 4117 88 4168 et
116 4105 190 4174 line
236 4105 337 4171 uibur
361 4102 518 4169 animalia
539 4103 602 4167 elie
623 4121 693 4167 non
714 4101 856 4188 pollent,
895 4091 1170 4245 Reprehenfibile

55 4203 180 4256 auteur¹
203 4211 224 4253 e
271 4205 372 4278 atque
393 4189 543 4275 delerme
564 4185 601 4250 in
624 4185 760 4250 animali
780 4181 972 4254 rationabii
994 4201 1032 4246 rn
1053 4191 1167 4244 metue

679 4303 759 4372 21·
837 4399 839 4404 ,

1166 4273 1168 4307 Ι
1248 4269 1254 4276 ι
