2854 4978
266 185 364 320 'eoo
558 218 651 326 Noe
672 197 854 334 onnon
874 214 1048 290 onon.

281 415 422 506 propter
441 399 609 472 unitatem
629 418 789 479 moturae,
811 415 846 472 et
866 400 930 482 &a
951 419 1037 490 quae
1057 419 1119 488 per
1139 399 1372 486 generationem

280 507 321 562 tn
341 489 508 554 mundum
529 484 693 564 veniunt,
730 487 788 554 sed
809 483 888 572 quio
908 505 977 550 unt
998 485 1181 569 eodemque
1201 505 1307 550 rerum
1325 507 1373 548 nr·

283 586 360 642 tura
377 569 477 637 oliter
498 571 723 638 consideratur
743 571 781 637 in
802 568 1000 634 aeternitate
1019 565 1114 633 verbi
1133 564 1219 643 Dei,
1245 565 1332 631 aliter
1343 567 1373 631 in

283 652 532 740 temporalitate
562 651 735 722 constituti
767 651 899 720 mundi.
943 649 1040 716 Siout
1059 669 1194 737 quoque
1213 649 1375 734 Dionysius

282 735 485 825 Areopagita
516 735 554 800 in
591 736 742 823 capitulo
762 739 804 802 de
824 735 974 824 perfeeto
997 749 1032 798 et
1051 755 1122 800 uuo
1178 719 1373 819 eoloqmmr.

283 841 412 895 unum,
434 819 566 909 inquit,
591 819 733 896 dicitur,
758 818 837 907 quio
859 817 973 885 omnio
989 815 1128 882 univers
1159 815 1220 880 ‘ter
1238 817 1294 882 esi:
1314 817 1376 880 nul·

283 906 354 970 lum
377 903 468 968 enim
490 901 701 968 existentium
723 904 766 970 esi
786 921 857 968 non
878 899 1084 990 participent
1105 899 1216 965 unius.
1247 902 1291 974 Et
1307 919 1375 985 pau·

283 989 319 1055 lo
347 987 437 1074 polit
466 989 585 1074 ltaque
615 1001 650 1070 et
678 989 745 1053 hoc
774 987 1067 1075 cognoscendum,
1102 983 1181 1071 quio
1209 983 1376 1048 secundum

282 1093 392 1138 unum
421 1068 692 1168 uniuscujusque
711 1069 920 1158 percogitate
944 1067 988 1132 est
1011 1065 1158 1154 specior,
1193 1064 1288 1132 unire
1308 1062 1375 1128 dioi-

283 1168 341 1222 tur
360 1151 478 1218 unita:
501 1169 536 1217 et
556 1173 711 1220 omnium
733 1154 777 1220 est
796 1177 905 1219 unum
926 1152 1114 1240 exemplar,
1138 1166 1172 1214 et
1184 1149 1208 1214 fi
1220 1147 1375 1213 interimet

283 1257 409 1312 unum,
432 1242 543 1336 neque
566 1235 762 1302 univerfitae
783 1259 895 1325 oeque
916 1234 1009 1300 aliud
1031 1233 1170 1320 aliquod
1186 1229 1377 1298 exilientium

285 1318 372 1420 tritt
394 1321 518 1386 Omma
540 1319 691 1386 enimin
712 1319 818 1407 seipso
839 1342 947 1385 unum
968 1313 1184 1384 uniformiter
1222 1311 1375 1388 recumbit,

286 1418 322 1472 et
342 1403 618 1503 circumprendit.
660 1403 723 1468 Hit
747 1419 848 1493 atque
869 1399 1064 1483 hujusmodi
1086 1339 1262 1488 exempiio,
1292 1413 1377 1493 atque

153 1555 158 1562 ,
195 1547 202 1564 ,
283 1486 484 1554 testimonno
506 1509 544 1550 tn
565 1509 674 1551 unum
696 1487 866 1562 collectio,
902 1483 1098 1573 opertiffime
1122 1486 1220 1549 detur
1239 1475 1377 1565 intelligi,

285 1571 402 1637 omnio
430 1567 468 1635 in
498 1571 604 1636 verbo
633 1570 698 1634 Dei
730 1591 802 1638 non
831 1570 939 1634 solunt
960 1583 1115 1643 aeterno,
1150 1585 1266 1632 verum
1285 1562 1377 1651 ipsum

283 1655 427 1718 verbum
460 1654 533 1718 esse.
576 1652 749 1739 Quoniam
777 1643 858 1719 vero
892 1667 927 1716 et
953 1651 1042 1716 sacta
1070 1651 1165 1714 simul
1197 1646 1322 1722 omnio,
1351 1657 1379 1708 et

285 1752 421 1802 aeterne
442 1737 505 1801 elie
526 1735 564 1800 io
584 1739 688 1802 verbo
711 1733 777 1802 sbi
798 1738 907 1802 samoe
920 1732 1102 1821 scripturae
1119 1729 1379 1814 testimoniioplr·

283 1815 417 1886 uiffime
437 1821 638 1894 declaranu3
671 1823 840 1886 lohannet
860 1823 956 1884 Evan
983 1813 1088 1892 elisio,
1118 1817 1249 1894 omniu,
1270 1811 1377 1901 inquit,

283 1925 346 1991 per
365 1901 476 2001 ipsum
496 1901 701 1980 factasunt,
727 1918 762 1968 et
781 1905 850 1970 sine
870 1902 943 1990 ipso
960 1841 1093 1966 iactum
1116 1901 1160 1964 est
1180 1899 1284 1975 nihil,
1312 1913 1377 1990 ecoe

285 1984 486 2072 opertrsiime
507 1986 594 2050 secto
617 1987 679 2050 effe
701 1985 815 2052 omnia
834 1986 873 2050 in
895 1987 998 2050 verbo
1021 1983 1116 2049 dicit.
1160 1985 1245 2059 Sed,
1272 1995 1378 2066 neqult

285 2067 469 2135 aestimaret
491 2069 580 2132 foeta
602 2067 895 2142 ettemlummodo
910 2084 945 2134 et
960 2088 1031 2133 non
1053 2083 1208 2142 aeterno,
1230 2061 1378 2154 [equino

285 2154 380 2300 puod
409 2151 538 2217 fectum
559 2151 603 2214 est
623 2151 777 2240 inipso,
810 2151 881 2218 vito
904 2167 993 2235 ertt3
1022 2171 1060 2215 ac
1079 2151 1105 2215 fi
1127 2149 1273 2224 dixisset,
1302 2143 1380 2234 quod

302 2250 414 2300 toturn
444 2235 510 2311 esi,
542 2236 610 2300 five
638 2235 676 2300 in
733 2234 953 2324 rincipolibuo
980 2233 1100 2309 causre,
1138 2235 1206 2300 five
1225 2233 1262 2298 in
1284 2247 1380 2295 eorum

286 2315 481 2394 effectibuo,
503 2317 541 2382 in
565 2317 637 2404 ipso
658 2261 780 2397 vetito,
797 2319 835 2386 in
859 2341 927 2406 quo
948 2317 1095 2382 rationeo
1118 2316 1273 2398 omnium
1292 2326 1378 2378 aeter-

203 2459 205 2466 ,
283 2421 351 2465 nae
371 2401 466 2478 sunt,
494 2399 565 2466 vin
588 2417 667 2466 erat.
710 2407 796 2468 Item
815 2401 1009 2491 Apostolus,
1039 2400 1075 2464 in
1098 2422 1167 2487 quo
1190 2413 1297 2466 create
1315 2395 1380 2458 suot

285 2482 420 2580 omnio,
454 2505 539 2584 pure
559 2484 696 2550 suntin
718 2486 821 2552 coelio
843 2502 877 2550 et
898 2505 982 2572 quae
1003 2483 1040 2550 in
1062 2499 1169 2560 terro,
1203 2484 1268 2548 sive
1287 2475 1379 2544 vifibi·

284 2567 331 2632 ho
360 2567 427 2632 sive
455 2567 651 2644 onvistbilia,
682 2569 750 2634 sive
779 2567 893 2634 throni
927 2568 994 2632 five
1030 2566 1296 2640 dominationes,
1325 2561 1382 2628 five

283 2650 514 2749 principetur,
548 2651 614 2715 five
660 2653 829 2729 otestotee,
861 2649 975 2718 omnia
996 2671 1036 2714 ex
1057 2650 1130 2736 ipso
1154 2667 1189 2714 et
1209 2645 1379 2739 peripsum

284 2748 320 2796 et
339 2731 376 2798 in
398 2735 470 2820 rpso
492 2749 602 2798 creata
639 2751 711 2799 unt.
763 2737 885 2802 Causae
908 2733 999 2798 enim
1021 2749 1060 2796 ut
1080 2734 1129 2796 ait
1151 2737 1268 2798 beolue
1290 2733 1379 2794 otor·

283 2838 361 2884 mue
388 2839 504 2881 eorum
526 2839 611 2904 quae
632 2817 719 2882 facta
739 2818 817 2888 [unt
837 2817 994 2882 homines
1017 2833 1095 2880 ante
1112 2817 1225 2882 secula
1245 2813 1380 2902 praesub-

285 2900 413 2965 slitutae
434 2901 611 2965 voluntate
630 2903 738 2976 bona,
760 2902 946 2966 secundum
968 2921 1023 2964 eae
1047 2899 1214 2964 vifibilem
1235 2914 1270 2964 et
1285 2893 1379 2962 invisi·

282 2981 405 3058 bilem,
428 3001 463 3048 et
482 3005 554 3048 non
578 2982 771 3050 existentem
792 2983 959 3049 substituit
982 2984 1196 3057 Creoturomt
1217 2981 1379 3047 rationeet

214 3117 222 3136 ,
282 3065 448 3151 sapientie
476 3068 660 3131 secundum
695 3086 926 3155 opportunum
949 3081 1081 3153 tempus
1103 3083 1139 3130 et
1160 3065 1260 3140 secit,
1295 3079 1326 3130 et
1343 3059 1379 3122 ft·

283 3147 350 3223 eit,
374 3164 409 3212 et
429 3171 514 3234 quae
535 3149 767 3215 universaliter
787 3151 881 3225 sunt,
905 3165 939 3214 et
960 3170 1045 3236 quae
1091 3171 1127 3213 er
1143 3151 1191 3214 fin
1217 3150 1282 3214 ule.
1310 3145 1381 3210 Cau·

255 3263 257 3266 ·
284 3231 354 3298 sam
385 3231 523 3319 quidem
553 3234 748 3320 angelorum
781 3255 895 3304 creent
920 3231 1062 3319 produx'
1090 3254 1188 3298 ecre
1216 3234 1298 3296 ’mur
1318 3246 1380 3292 cau·

286 3313 355 3376 som
377 3312 644 3400 uniuscujusque
666 3315 911 3404 complentium
932 3318 1116 3390 mundum,
1142 3315 1202 3405 qui
1223 3317 1378 3401 supernos

283 3395 329 3460 esi
349 3396 558 3462 effetttiarum
580 3413 616 3462 et
635 3398 811 3474 virtutum,
827 3398 993 3463 rationem
1002 3397 1379 3464 hominumetuoiutcu·

156 3483 163 3510 ⁴
214 3525 218 3534 .
283 3482 404 3577 ineque
425 3502 465 3544 ex
485 3485 560 3546 Deo
584 3483 649 3548 esse
670 3482 921 3570 accipientium.
964 3486 1005 3546 ln
1026 3481 1060 3545 se
1081 3481 1194 3570 ipsum
1214 3477 1379 3546 omninno

284 3565 490 3649 capitulano,
512 3569 579 3630 hot
600 3565 672 3652 esi,
682 3568 934 3643 consumment,
956 3585 1134 3654 perquem
1150 3581 1185 3630 et
1200 3566 1263 3630 effe
1278 3578 1311 3628 et
1317 3579 1379 3708 per·

282 3667 441 3722 monere,
472 3671 512 3712 ex
533 3668 602 3735 quo
623 3671 708 3735 quae
729 3649 845 3737 genita
864 3650 960 3722 suot,
996 3665 1164 3736 quantum
1185 3647 1298 3736 genito
1329 3653 1380 3706 unt

238 3789 244 3802 ,
282 3729 455 3794 monentia
487 3747 534 3796 et*
551 3747 645 3798 moto
675 3733 882 3820 participant
912 3730 1100 3796 dominum.
1144 3731 1273 3798 Omnia
1302 3723 1380 3794 enim

280 3811 487 3958 participant
514 3835 554 3878 eo
585 3819 677 3901 quod
710 3839 749 3880 ex
777 3820 841 3881 deo
862 3815 1065 3891 factasunt,
1096 3809 1382 3903 proportionaliter

307 3893 479 3972 ominum,
507 3897 574 3962 stne
595 3921 656 3986 per
674 3899 904 3976 intellectum,
932 3895 1209 3976 onerationem,
1240 3898 1305 3964 five
1323 3893 1381 3956 seu·

282 3976 375 4052 ium,
407 3977 476 4043 five
490 3975 635 4046 {notum
662 3983 821 4058 vitalem,
854 3982 921 4045 five
950 3979 1156 4046 essentialem
1185 3997 1222 4047 et
1249 3975 1381 4046 hobinm

281 4060 587 4208 opportunitatem,
617 4083 658 4130 ut
682 4087 807 4153 magno
837 4079 872 4129 et
903 4061 1032 4132 Divino
1052 4061 1295 4130 manifestatori
1313 4055 1380 4154 Dio

281 4165 372 4224 nyto
394 4148 529 4212 videtur
550 4149 779 4239 Areopagitae.
817 4146 998 4214 Neminem
1022 4147 1138 4236 itaque
1160 4147 1380 4232 fideliompn·
