2856 4978
152 163 219 232 ’
258 195 333 272 812
386 289 390 302 1
585 193 1068 268 ΠευίυἰείοπεΝαὶιιναε.’
1154 235 1156 238 -

107 369 116 384 ’
188 385 192 406 ’
259 393 393 450 caetere
420 377 577 456 animalia
608 381 651 446 de
670 395 761 464 term,
777 367 1002 467 producitdri
1030 398 1069 446 rc
1090 397 1169 444 mox
1191 377 1235 442 rd
1255 373 1376 464 imagi·

195 525 200 536 .
260 487 341 533 nem
368 463 435 528 Dei
465 459 561 529 fieri'
593 463 784 540 erhibetur3
818 465 914 550 quod·
936 461 1058 528 merito
1084 475 1289 526 memoret.
1335 461 1373 528 si

260 547 354 614 enim
377 569 478 612 omne
499 546 534 610 ill
604 567 730 634 genui,
764 549 855 633 quod
877 545 1001 611 dicitur
1022 541 1163 621 animal,
1199 566 1279 610 eum
1302 563 1374 608 om·

179 669 182 674 ·
259 631 362 698 nibus
383 630 451 694 [uie
473 628 605 729 formis,
640 631 684 694 ad
704 632 878 712 imaginem
899 627 1198 721 etfimiiituciirrem
1220 627 1296 692 Dei
1316 627 1375 690 fic·

259 730 329 791 ret,
364 733 436 778 non
465 714 675 800 perturbaret
694 735 749 781 me
770 711 910 781 iorttffie
932 716 1025 800 qued
1047 715 1164 796 docee3
1196 709 1376 776 homiuem

129 841 154 878 -,
184 801 189 816 '
261 795 398 886 quiderir
430 810 465 860 et
494 798 535 861 de
564 810 651 860 terra
680 795 770 860 inter
801 812 929 860 caetera
962 794 1119 860 animalia
1140 794 1305 881 produci,
1341 809 1378 856 et

286 881 472 949 estmodum
503 881 546 943 ad
576 877 642 942 ima
666 878 758 942 inem
790 894 824 944 et
843 879 1097 944 fimilitudinem
1118 879 1183 942 Dei
1204 875 1374 941 fabricari.

227 903 330 1028 :iam
350 983 430 1027 vero
453 959 614 1050 quoniam
636 901 743 1028 igolum
763 961 955 1040 hominem,
979 979 1013 1027 et
1033 963 1168 1027 nullum
1185 960 1279 1025 uliud
1304 956 1376 1023 ani·

231 1036 326 1113 'mel
378 1059 485 1110 raeter
513 1045 704 1127 hominem,
737 1049 779 1110 ed
807 1045 990 1134 imaginem
1019 1045 1085 1110 Dei
1117 1043 1220 1110 creari
1255 1042 1377 1108 divina

256 1069 414 1218 perhiiret
433 1128 586 1194 historia:
607 1129 706 1212 uelde
725 1128 846 1204 miror,
862 1132 1040 1216 ,quomodo
1062 1129 1151 1192 inter
1164 1131 1319 1207 jumenta
1338 1139 1375 1188 et

257 1211 394 1300 reptilia
423 1226 457 1276 et
479 1211 594 1276 bestiae
616 1226 721 1276 terrae
743 1215 846 1278 homo
869 1229 996 1278 eterra
1039 1211 1234 1286 reducitur,
1272 1224 1307 1274 et
1330 1210 1374 1272 ed

188 1301 195 1320 “
257 1295 442 1382 imaginem
471 1294 563 1369 Dei,
585 1297 689 1381 ionge
717 1310 751 1360 et
779 1237 1088 1384 incomparabiiiter
1118 1296 1206 1360 ultra
1241 1307 1373 1357 caetera

256 1378 414 1444 universa
434 1377 609 1453 animalia,
630 1378 720 1443 solue
742 1379 921 1444 formetur:
944 1378 1079 1458 dicente
1102 1375 1293 1464 Scriptum,
1307 1369 1371 1462 sa·

35 1490 36 1498 ¹
144 1509 147 1528 ,
176 1486 179 1523 :
257 1466 384 1529 cramus
405 1463 569 1528 ,hominem
601 1463 649 1524 ad
681 1465 855 1545 imaginem
884 1477 918 1526 et
935 1460 1191 1551 similitudinem
1211 1457 1375 1548 nrfiramr

258 1561 294 1610 et
314 1546 408 1632 quod
430 1543 473 1608 est
488 1540 696 1622 mirabilius,
729 1547 900 1632 quomodo
922 1568 940 1609 e
962 1562 1048 1610 terra
1068 1541 1286 1632 producitur,
1322 1541 1373 1605 in·

257 1643 310 1693 ter
332 1650 370 1694 ea
391 1626 514 1714 quibus
534 1627 737 1715 praefertur,
762 1646 795 1694 et
817 1628 985 1695 dominari
1004 1630 1149 1710 jubetur.
1190 1622 1374 1705 Subiunxit

258 1710 352 1778 enim
380 1709 451 1774 Scri
478 1727 569 1787 tura,
606 1725 641 1776 et
667 1734 751 1793 prae
766 1727 795 1776 rt
824 1715 972 1796 piscibus
1001 1717 1102 1777 maris
1122 1724 1157 1775 et
1175 1710 1372 1774 volatilibus

257 1795 355 1868 coeli,
386 1807 421 1856 et
447 1735 577 1882 iesiiis,
609 1797 724 1860 univer
740 1819 840 1879 aeque
854 1811 1057 1878 ¹erraturae,
1086 1798 1236 1880 omnique
1255 1793 1372 1890 reptili

257 1880 346 1964 quod
365 1891 514 1943 movetur
534 1881 567 1942 in
587 1891 689 1944 terra.
732 1883 779 1943 M.
802 1883 873 1945 Nec
895 1880 1083 1956 immerito,
1107 1899 1172 1942 nec
1192 1876 1370 1940 irratione·

257 1961 373 2026 biliter
400 1960 566 2030 moverint
603 1963 687 2027 haec
721 1961 813 2028 enim
835 1962 1016 2028 eeutiffirna
1040 1978 1073 2028 et
1093 1959 1299 2027 solertiffima
1321 1959 1370 2024 iu·

143 2119 149 2132 ,
257 2041 437 2131 quifitione
459 2043 561 2130 digne
583 2044 671 2110 sunt.
713 2047 759 2109 Et
779 2044 926 2133 primum
950 2047 1106 2133 quidem,
1129 2060 1168 2107 ut
1188 2041 1370 2129 intelliges,

256 2141 386 2193 remota
416 2125 779 2214 tetiur.embiguitatis
810 2129 971 2216 caligine,
1029 2133 1099 2195 uod
1131 2129 1168 2191 in
1190 2124 1372 2190 universali

257 2207 456 2289 animalium
477 2230 600 2295 genere
619 2213 723 2277 homo
746 2213 904 2277 conditus
926 2213 986 2288 snt
1007 2153 1077 2277 inc
1098 2209 1282 2274 maximum
1304 2207 1371 2273 irre

255 2291 289 2360 ci
316 2314 334 2356 e
356 2306 612 2388 argumentum,
635 2293 835 2380 tripertitum
858 2295 1020 2361 videlieet
1040 2299 1140 2376 hujus
1162 2291 1294 2381 generis
1321 2292 1369 2356 di·

254 2374 290 2442 ν’
318 2396 439 2464 onem,
461 2373 498 2439 in
519 2379 688 2456 jumenta,
712 2393 746 2463 et
765 2378 918 2464 reptilia,
940 2378 1143 2466 bestiaeque:
1175 2397 1261 2464 quae
1283 2374 1368 2440 diri·

254 2459 302 2524 fio
322 2480 394 2524 non
415 2459 602 2523 finecaufe
622 2459 776 2525 facticii
798 2477 838 2525 ut
858 2460 1006 2538 aestimo,
1047 2467 1131 2526 Nam
1153 2459 1189 2524 in
1210 2458 1286 2524 aliie
1300 2459 1369 2524 die·

209 2570 211 2580 ⁴
255 2545 339 2619 bue,
366 2534 403 2606 id
433 2539 535 2606 estin
558 2541 656 2607 tertia
677 2557 712 2610 et
732 2542 866 2630 quinta,
895 2545 932 2610 in
955 2544 1077 2632 quibur
1100 2557 1280 2642 generaret
1300 2543 1369 2639 ipe·

193 2623 196 2636 '
254 2625 324 2692 ciet
346 2641 672 2702 commemorantur,
703 2629 798 2692 nullu
820 2627 936 2693 divifio
958 2628 1148 2715 generiem
1172 2623 1298 2712 species
1320 2649 1369 2690 m·

254 2704 463 2784 troducitur;
492 2708 550 2773 ied
581 2706 792 2796 ¹impliciter,
817 2727 875 2774 aut
895 2713 1001 2776 [olum
1024 2731 1131 2798 genus
1153 2725 1187 2774 et
1206 2709 1368 2774 indiscre-

253 2807 309 2857 tae
336 2790 481 2879 species,
514 2808 554 2855 ut
581 2791 618 2858 in
646 2791 763 2868 tertia,
796 2816 861 2881 qua
892 2799 1070 2866 herbarum
1092 2793 1368 2880 surculorumque

178 2910 186 2932 ι
254 2897 379 2962 genera
406 2873 600 2962 speciesque
623 2877 665 2940 de
687 2891 773 2940 terre
795 2877 875 2941 oriri
897 2881 1077 2958 jubenturr
1106 2891 1165 2940 aut
1185 2877 1294 2940 [olum
1315 2900 1366 2962 ge·

220 2995 222 3000 ·
252 2981 318 3024 nur
349 2973 384 3024 et
414 2979 483 3022 una
505 2958 631 3046 species
652 2957 771 3046 ipfiur,
804 2977 843 3023 ut
863 2960 900 3024 in
923 2962 1041 3048 quinte
1061 2959 1207 3048 pircium
1230 2960 1366 3045 quidem

162 3075 164 3080 .
227 3057 232 3080 t
250 3062 361 3128 genus
381 3041 518 3122 reptile,
542 3039 656 3106 avium
676 3064 758 3106 vero
779 3045 914 3109 volatile
933 3067 1076 3121 vocans3
1098 3065 1209 3129 neque
1223 3045 1292 3108 hoc
1310 3066 1363 3108 ue·

187 3176 189 3181 .
227 3141 235 3150 ·
276 3146 320 3187 ue
347 3123 433 3188 illud
462 3124 498 3187 in
527 3123 653 3211 species
685 3124 851 3192 divident.
895 3131 982 3193 Nem
1010 3129 1046 3192 in
1079 3148 1118 3202 eo
1151 3129 1243 3212 qued
1270 3126 1362 3202 dixit,

161 3221 165 3234 '
252 3147 453 3290 {renuitque
478 3209 578 3272 Deus
598 3222 670 3271 cete
686 3213 853 3292 grandin,
883 3213 990 3298 magis
1011 3209 1137 3297 species
1159 3229 1222 3294 pro
1242 3230 1363 3296 genere

250 3288 513 3376 intelligendum
544 3291 587 3354 est
609 3291 768 3378 poiuiffe,
804 3317 903 3380 quam
924 3316 1032 3390 genue
1054 3295 1091 3358 in
1113 3291 1259 3378 speciem
1283 3293 1363 3359 divi·

47 3419 56 3435 ,
145 3449 152 3462 ¹
248 3373 330 3438 titre.
374 3373 555 3520 Euomedo
587 3375 679 3439 enim
712 3376 830 3442 divisio
861 3378 992 3464 generis
1022 3375 1059 3441 in
1089 3398 1193 3440 unam
1220 3378 1363 3475 speciem

276 3457 358 3521 offet
404 3455 468 3531 eri,
500 3460 582 3522 dum
604 3457 714 3524 omnir
737 3459 853 3526 divisio
875 3483 946 3526 non
969 3453 1081 3526 minue
1102 3480 1203 3546 quum
1225 3483 1264 3526 tn
1287 3464 1363 3527 duo·

248 3479 314 3606 ine
334 3538 539 3604 invenitur?
572 3543 671 3605 Sexta
694 3557 805 3609 autem
831 3544 978 3609 dienen
1001 3544 1108 3608 solum
1131 3543 1264 3629 generis
1286 3566 1361 3613 cou-

250 3620 357 3700 ditie,
386 3622 635 3723 verumetiam
670 3602 760 3690 irini
784 3626 901 3693 divitie
923 3627 1024 3714 ipfiur
1048 3625 1085 3691 in
1108 3624 1236 3712 speciei
1255 3649 1361 3693 nerra·

248 3720 314 3773 tur.
357 3707 541 3785 Dixit,1n
567 3707 637 3783 uit,
661 3709 778 3786 Deus,
800 3711 969 3778 Producat
989 3726 1079 3774 terra
1100 3713 1242 3782 mimam
1255 3716 1360 3777 vinen-

197 3845 205 3856 .
246 3803 314 3854 rem
333 3793 370 3854 in
389 3812 507 3874 genere
516 3729 603 3881 βας
629 3793 787 3868 umente,
810 3809 844 3859 et
864 3796 1021 3878 reptilia,
1044 3809 1078 3858 et
1100 3792 1226 3879 bestias
1247 3809 1359 3866 terrae,

237 3865 420 3966 secundum
464 3881 575 3956 peries
599 3817 690 3968 Arae.
735 3879 795 3962 Yel
824 3881 1010 3944 secundum
1030 3877 1244 3965 septuaginta
1264 3878 1358 3944 inter·

271 3971 369 4021 teter.
455 3963 523 4032 ixit
544 3961 658 4038 Deus,
683 3963 817 4026 Educet
839 3977 931 4026 terra
951 3966 1095 4028 enimam
1115 3967 1229 4026 vivam
1240 3957 1354 4055 secran-

155 4111 158 4118 ‚
247 4041 324 4104 dum
343 4063 463 4125 gertus,
484 4045 612 4127 quadra
639 4045 743 4119 ertia..
758 4057 791 4109 et
811 4067 847 4108 re
872 4045 967 4124 tilia,
990 4059 1025 4110 et
1046 4041 1169 4135 bestias
1178 4042 1352 4140 secundun

246 4145 348 4206 genus
371 4137 405 4191 rt
414 4121 554 4214 factum
576 4151 593 4189 e
634 4125 699 4217 fic.
729 4131 822 4194 Haec
840 4145 973 4217 neque,
995 4129 1221 4208 uterbitror,
1244 4129 1350 4217 triper·

1252 4338 1258 4373 i
