2912 4978
435 263 760 376 emnem.
1081 265 1155 342 m

84 455 282 558 qaqmuo
302 451 444 534 ueni.
472 451 676 534 tanente
697 453 844 541 tuarum,
872 467 912 528 n
932 454 1065 547 opinor.
1093 423 1152 521 “u

82 531 263 618 bundiffime
282 559 322 606 ac
341 537 585 626 multipliciter.

125 626 233 707 tuM.
254 622 544 710 summittique,
566 619 705 710 acieque
724 619 868 699 mentio,
897 636 969 688 tota
991 619 1155 710 ambigui·

78 707 138 772 tatii
159 706 298 794 caligine
320 707 474 793 depulsa,
507 705 692 793 c'ognpme,
723 727 823 806 quain
844 706 949 782 clare,
979 727 1078 793 quem
1102 725 1155 770 ex·

96 793 159 854 rese
184 790 316 858 divinae
343 787 507 856 bonitatit
538 789 757 854 substantialis
786 787 919 853 trinitat
946 787 982 852 in
1004 789 1155 856 motibut

75 815 217 940 iuniore
237 873 369 940 animae
388 889 481 939 recte
502 893 558 938 eut
578 872 792 937 intuentibus
814 871 956 949 arridet,
986 872 1085 972 seque
1104 871 1155 959 ip·

75 958 129 1022 sam
151 958 204 1045 pie
232 957 469 1046 quaerentibus
491 957 543 1034 sc,
570 955 681 1021 veluti
701 953 737 1021 in
759 959 906 1056 quodam
926 977 1064 1101 proquio
1085 958 1156 1043 spe·

73 1043 134 1106 cilo
154 1045 192 1106 ad
212 1042 395 1128 imaginem
416 1041 509 1105 suani
531 1040 621 1105 sacto
640 1039 867 1127 limpidissime
886 1037 978 1104 mani
997 1040 1073 1103 ellat
1080 1060 1091 1114 ς
1121 1054 1156 1106 et

72 1125 189 1189 cum-fit
209 1129 249 1190 ab
272 1124 366 1191 omni
387 1139 537 1190 creatura
556 1139 701 1200 remota,
725 1122 820 1188 omni
843 1145 888 1188 ue
902 1121 1092 1188 intellectui
1102 1120 1156 1187 in·
1267 1167 1270 1180 .

72 1207 206 1296 cognita,
226 1230 289 1296 per
308 1207 492 1296 imaginem
512 1208 604 1272 suain
625 1223 659 1271 et
679 1145 932 1273 similituiinem
951 1205 1060 1272 veluti
1079 1226 1158 1294 cog·

71 1291 159 1356 nitiiu
180 1308 213 1356 et
234 1290 567 1378 comprehenfibilem
588 1289 872 1356 intellectualibus
895 1289 1020 1364 oculit,
1042 1309 1082 1354 ac
1101 1311 1158 1354 ve·

71 1374 122 1440 luti
137 1377 341 1462 praesentem
361 1375 500 1522 sqilqtsam
521 1374 708 1474 depromit,
728 1377 886 1476 ultroque
905 1373 1096 1460 specillam,
1117 1371 1157 1438 in

69 1479 124 1606 tl:
146 1460 496 1633 {lttlttt‘ttl
509 1456 1160 1628 iltlltlllllilt‘ltitflltffi

69 1639 96 1688 et
112 1625 235 1694 trinitat
257 1626 296 1691 in
317 1625 421 1714 seipsa
468 1647 502 1691 er
522 1625 662 1713 seipsam
685 1649 756 1706 non
773 1649 813 1714 ap
841 1639 965 1701 areret,
989 1623 1068 1712 quia
1088 1644 1159 1688 orn·

68 1729 132 1806 nem
156 1711 380 1777 intellectum·
400 1649 519 1798 efiiigit
549 1709 671 1776 eximia
697 1711 774 1776 suae
795 1649 955 1776 ciiritatit
974 1707 1159 1782 infinitate,
1206 1710 1209 1727 ¹

68 1793 117 1856 nti
132 1793 167 1858 in
186 1796 245 1860 sua
267 1792 417 1882 imagine
438 1791 573 1880 vestigia
599 1793 806 1893 cognitionis
826 1794 904 1858 suae
928 1790 1158 1879 imprimereti

67 1875 156 1942 Patria
174 1880 197 1944 li
220 1877 338 1944 uidem
359 1877 398 1942 in
420 1875 552 1952 animo,
582 1877 662 1942 Filii
682 1879 719 1943 in
739 1876 891 1952 ratione,
919 1875 1035 1941 Sancti
1056 1873 1160 1962 Spiri-

68 1972 111 2022 tua
134 1960 171 2025 iu
197 1901 297 2028 iensn
318 1959 516 2049 apertislima
536 1959 679 2026 lucescit
699 1961 911 2026 similitudo.¹
936 1959 1022 2025 Nam
1044 1978 1160 2046 quem·

66 2045 230 2112 trimodum
260 2045 370 2112 silium
392 2060 497 2110 artem
519 2043 763 2131 omnipotentia
784 2043 933 2111 Artificis
953 2042 1159 2120 vocitamus,

66 2128 326 2205 necimmerito,
349 2151 453 2219 quum
475 2128 513 2193 in
534 2129 607 2214 ipso
629 2131 686 2194 sua
706 2128 834 2217 quippe
855 2126 1018 2215 sapientia
1030 2126 1159 2192 Artifex
1259 2215 1261 2218 Ι

65 2211 267 2300 omnipotens
294 2217 395 2279 Pater
419 2213 490 2312 ipse
517 2212 632 2277 omnia
664 2233 885 2312 quaecunque
911 2210 1041 2286 voluit,
1077 2210 1187 2276 secit'

66 2297 345 2385 aeternaliterque,
375 2313 410 2362 et
438 2297 763 2362 incommutabiliter
788 2294 948 2360 custoditi
979 2294 1027 2359 ita
1057 2293 1161 2360 etiam

65 2376 213 2446 humanus
235 2377 431 2447 intellectui
476 2383 682 2468 uodcunque
704 2384 745 2447 ile
766 2382 856 2454 Deo,
881 2381 989 2466 deque
1005 2377 1160 2444 omnium

64 2479 157 2556 temni
175 2463 359 2552 principiis
378 2463 455 2551 puri
495 2487 549 2528 me
568 2464 873 2551 incunctanterque
886 2459 1042 2562 percipit,
1052 2459 1163 2528 veluti

65 2563 94 2605 tn
117 2551 259 2632 quadani
288 2563 358 2612 arte
385 2549 459 2624 sua,
493 2547 529 2612 in
559 2549 692 2616 ratione
719 2547 815 2623 dico,
848 2545 995 2612 mirabili
1016 2551 1161 2633 quadam

64 2630 632 2780 utilitatetetii
652 2629 969 2728 2⁵¹¹
995 2631 1165 2778 utet

174 2745 175 2748 ,
600 2741 611 2779 ¹
926 2757 935 2776 ⁹

62 2810 143 2878 pater
160 2739 279 2946 oqisex
302 2799 456 2863 omnium
478 2739 696 2885 omnipoteite
712 2818 864 2885 quaecun
891 2817 934 2859 ue
952 2795 988 2861 in
1006 2811 1076 2876 arte
1091 2796 1159 2871 sua,

64 2896 136 2962 quae
163 2903 180 2946 e

63 2961 163 3104 ferito
183 2966 258 3033 silio
275 2967 370 3030 fimul
388 2981 420 3028 et
440 2964 556 3039 semel,
571 2963 855 3113 qtriinordialiter,
878 2962 1062 3037 causaliter,
1086 2959 1164 3026 uni·

75 3048 221 3126 ormiter,
245 3047 481 3114 universaliter
502 3068 566 3112 con
592 3047 658 3113 idit
678 3069 738 3134 per
759 3047 923 3146 Spiritum
944 3048 1106 3112 Sanctum
1122 3065 1163 3108 ex

65 3127 91 3190 se
115 3131 251 3220 filioque
273 3135 536 3219 procedentem,
568 3129 896 3219 inprimordialium
918 3131 1090 3194 causarum
1112 3126 1163 3192 in·

236 2882 341 2971 ipsine
363 2879 526 2968 sapientia
547 2879 726 2955 et'virtue,
757 2879 795 2944 in
817 2883 881 2943 Ver
905 2899 924 2943 o
948 2879 1008 2943 suo
1028 2878 1065 2946 in
1087 2877 1163 2942 uni·
1193 2944 1196 2964 ἡ
1273 2919 1277 2930 ·

62 3216 275 3281 numerabiles
303 3214 443 3279 effectui
473 3213 613 3290 dividit,
646 3213 769 3280 sivein
793 3213 944 3278 assentiat
966 3209 1175 3300 intelligite
1262 3247 1269 3258 ·

62 3292 101 3357 let
126 3297 400 3396 differentiaeque
429 3319 566 3363 omnem
594 3299 726 3363 sensum
748 3317 948 3396 corporeum
969 3299 1164 3386 superantes

61 3381 234 3460 manarint,
253 3381 324 3447 five
345 3403 382 3446 in
407 3382 508 3460 hujna
529 3383 650 3448 mundi
671 3381 831 3446 sensibilia
852 3380 984 3446 varium
1001 3380 1099 3447 multi
1125 3377 1165 3444 li·

62 3480 187 3552 temque
228 3479 389 3534 ornatum
429 3467 583 3530 locorum
599 3479 680 3529 'teni
708 3483 871 3552 urumque
903 3403 1166 3530 discretioniiut

63 3546 243 3614 variabilem
263 3545 506 3636 profluxerintt
537 3548 585 3612 ita
606 3489 817 3624 inteiectui,
851 3551 920 3613 hoc
943 3548 1005 3623 esi,
1036 3545 1164 3633 ¹princi·

62 3628 133 3712 palia
152 3631 290 3698 animae
309 3647 421 3698 motui
444 3653 485 3697 ex
505 3630 774 3719 intelligibilium
793 3652 906 3696 rerum
922 3629 1070 3718 gnostica
1085 3647 1166 3695 con«.

64 3716 273 3800 templatione
294 3715 477 3790 formatur,
500 3737 602 3781 omne
623 3718 853 3803 quodcunque
873 3711 911 3779 in
933 3727 1004 3778 arte
1023 3708 1167 3778 rationit

63 3813 139 3861 creat
160 3816 195 3866 et
215 3799 356 3886 reponit
375 3821 436 3887 per
456 3800 587 3864 sensum
610 3797 741 3864 animae
761 3795 979 3872 interiorem,
1001 3795 1038 3861 in
1057 3797 1166 3883 singu·

64 3876 155 3972 larum
174 3903 291 3950 rerum
312 3883 380 3948 sive
401 3881 671 3971 intelligibilium
687 3883 754 3946 five
770 3879 975 3946 sensibilium
989 3879 1169 3947 dieucum

64 3966 332 4054 inconfusamque
354 3963 479 4031 dividit
498 3966 752 4055 cognitionem:
775 3963 890 4031 omniu
911 3963 1004 4032 enim
1019 3984 1105 4052 quae
1119 3961 1170 4027 in·

65 4046 204 4114 tellectui
225 4049 266 4116 in
286 4049 419 4115 ratione
439 4049 674 4117 universaliter
697 4047 901 4127 considerat,
921 4044 1186 4137 particulariter.

64 4143 113 4222 pet
131 4133 266 4198 sensum
285 4133 325 4199 in
346 4153 463 4199 rerum
483 4133 640 4202 omnium
661 4131 822 4199 fflicretat
847 4132 1063 4221 cognitionet
1084 4125 1170 4194 uffi-

63 4210 269 4305 tttioneique
304 4216 461 4305 punine
513 4217 616 4286 Videt
643 4216 772 4308 itique-
790 4231 922 4306 patrem
948 4215 987 4285 in
1014 4211 1169 4283 filiosuo
