2942 4976
1190 161 1200 182 Ι

75 403 170 478 bitur
188 400 579 486 aitinmtresottdentnr
599 399 823 470 substantialia
843 423 967 489 vana,
988 403 1121 482 flamma
1137 401 1183 468 di·
1216 420 1220 434 ⁸

76 488 177 554 vinae
199 484 385 572 sententiaa
407 473 605 552 delictorum
623 485 882 574 ardebit.palea;
905 483 1187 572 illuminabuntur
1222 501 1227 512 ’

78 567 276 640 abscondita
291 573 521 646 tenebrarum,
545 565 659 636 omnia
672 567 709 636 in
727 563 884 636 omnibus
899 567 1071 634 videbitur
1082 573 1185 634 Deus.

76 659 119 722 D.
150 649 335 720 Sufficiunt
360 651 459 738 lanea
490 651 545 719 sed
571 656 673 740 hujus
694 649 871 744 parabolae
893 653 1019 720 residua
1041 651 1187 720 breviter

76 759 224 826 exponas
253 737 382 827 flagito.
412 734 481 820 ,NL
514 731 610 826 Quae
643 736 832 813 suntnillai
863 741 914 822 D.¹
937 742 1034 808 Mora
1066 737 1185 823 [ponii.

77 821 243 889 dormitus
267 839 301 887 et
323 820 515 888 dormitatio
531 819 684 888 omnium
699 821 888 910 virgiuum.
912 837 1088 908 ceteraque
1101 841 1187 907 quae

8 981 15 994 ,
75 901 203 971 intacta
224 905 410 993 reliquisti„
436 907 484 970 M.
506 907 604 971 Mora
626 905 734 993 sponsa
756 905 819 981 ell,
850 921 890 984 nt
914 903 1078 980 existimo,
1106 919 1187 971 tem·

103 993 192 1056 orals
209 985 449 1066 intervallum.
472 992 565 1076 quod
583 990 674 1056 inter
695 989 842 1078 primum
865 987 1006 1055 Domini
1022 1004 1055 1053 et
1071 988 1186 1070 [ecun-

76 1015 159 1140 ium
183 1074 378 1154 transcutrit
398 1077 603 1158 adventum3
624 1076 679 1138 vel
702 1089 792 1138 certe
814 1076 854 1138 ab
876 1070 978 1138 initio
999 1069 1119 1156 mundi
1137 1093 1188 1142 ut·

76 1179 144 1244 que
165 1157 207 1223 ad
229 1157 331 1224 finem
355 1163 436 1240 ejus.
474 1159 615 1224 Nullum
638 1156 728 1227 etaim
749 1173 885 1243 tempus
908 1171 1113 1236 transactum
1126 1153 1187 1238 att.

77 1243 131 1308 vel
154 1241 357 1329 transigetur
379 1266 439 1330 per
457 1242 513 1306 lex
534 1241 655 1308 mundi
677 1257 818 1324 aetates,
846 1239 882 1306 in
905 1261 973 1339 quo
996 1233 1187 1326 virginitas,

76 1327 144 1389 hoc
168 1325 211 1388 est
231 1325 406 1410 integritas
427 1330 594 1390 humanae
615 1341 777 1400 naturae,
799 1323 836 1388 in
859 1327 1063 1411 qmbusdam
1082 1323 1188 1398 fatua,

69 1408 113 1482 in
138 1408 339 1494 quibusdam
360 1413 527 1498 prudens,
549 1405 595 1474 'iu
619 1403 777 1487 omnihus
799 1401 992 1475 conditoris.
1009 1402 1060 1470 sui
1080 1399 1191 1503 super·
1297 1459 1299 1464 ,

75 1498 208 1578 n‘aeque
233 1493 381 1580 patriae,
414 1515 514 1592 quam
537 1493 742 1568 deseruerat,
776 1491 976 1589 appetitrix.
1006 1498 1190 1587 (appetitus
1251 1508 1255 1516 ’

77 1575 206 1673 quippe
236 1576 456 1644 beatitudinis
479 1575 637 1642 omnibus
660 1575 866 1664 sapientibus
889 1591 923 1640 et
943 1569 1190 1672 infiprentibua.

74 1662 175 1724 boma
197 1675 232 1724 et
251 1660 348 1728 malis
369 1657 596 1726 cdmmuniter
617 1675 651 1725 et
672 1659 869 1734 naturaliter
890 1657 986 1736 inest)
1007 1681 1048 1744 tn,
1064 1655 1190 1744 praeia-

76 1759 111 1808 ιο
131 1742 323 1812 ¹intervallo
353 1743 519 1811 mundani
548 1745 662 1810 curlus
687 1766 747 1830 per
769 1743 923 1809 ordinata
945 1757 1096 1830 tempora
1119 1736 1190 1825 qui·

76 1828 154 1892 dam
185 1827 375 1902 dormiunt,
408 1825 544 1914 quidam
576 1824 770 1894 dormitant.
821 1826 1005 1892 Dormiunt
1040 1823 1189 1911 quidem.

74 1908 135 1996 qui
154 1913 223 1992 jam
244 1911 370 1976 mortui
392 1912 491 1989 lunt,
526 1927 559 1974 et
583 1913 695 1976 adhuc
714 1909 893 1976 morituri:
930 1908 1118 1996 dormitare¹
1134 1929 1192 1972 au·

76 2010 147 2058 tem
169 1991 348 2070 dicuntur,
385 2016 470 2081 quos
492 1991 570 2059 finis
592 1993 713 2060 mundi
734 1994 831 2059 vivos
852 1993 890 2058 in
913 2015 1013 2058 carne
1034 1991 1192 2062 inuentu-

73 2096 132 2142 rua
155 2075 219 2154 est,
241 2077 300 2166 qui
323 2100 393 2146 non
411 2076 567 2152 dormire.
591 2079 647 2143 sed
662 2067 1192 2220 dormitareperhibentur‚.t'†uo·
1247 2151 1249 2156 Ι
1314 2119 1317 2126 1

74 2160 168 2226 niam
201 2161 352 2248 perfecta
371 2179 480 2231 morte
501 2183 572 2226 non
595 2163 671 2242 lunt
693 2159 879 2242 moritutit
900 2163 995 2226 nullo
1017 2179 1097 2223 vero
1134 2177 1192 2245 pa·

76 2245 125 2308 tio
150 2245 326 2330 temporali
348 2243 383 2310 in
408 2269 445 2311 ea
468 2261 568 2313 erunt
590 2245 739 2320 detenti,
762 2244 819 2310 ted
840 2244 948 2308 veluti
1002 2241 1090 2307 avati
1109 2240 1192 2313 som·

74 2348 142 2399 no,
165 2349 236 2392 nou
260 2344 372 2392 autem
393 2329 563 2414 prostrati,
586 2331 679 2402 nulla
700 2342 810 2392 morte
830 2327 918 2392 inter
945 2348 963 2390 o
992 2343 1024 2390 ta
1039 2325 1075 2389 in
1093 2321 1191 2390 aliam

73 2409 183 2474 vitam
204 2413 437 2477 mutabuntur.
483 2412 560 2496 Quo
584 2411 620 2474 in
646 2413 722 2476 loco
744 2410 900 2476 videatur
920 2350 1063 2473 gaustus
1078 2409 1191 2494 Augu-

76 2493 181 2557 stinus
203 2491 468 2559 consentiretis
493 2492 551 2578 qui
574 2493 711 2566 dicunt,
737 2493 903 2556 tantillam
923 2509 1067 2557 mortem
1090 2488 1126 2554 in
1143 2491 1193 2576 ip·

76 2579 111 2660 lo
135 2573 340 2726 νείἶῗῦὶιηο
361 2593 461 2662 raptu
485 2583 619 2646 eorum.
643 2575 702 2664 qui
719 2575 754 2638 in
776 2576 844 2640 fine
862 2574 983 2640 mundi
999 2573 1069 2637 vivi
1085 2572 1191 2637 futuri

76 2661 173 2735 furit,
242 2659 451 2746 afuturam„
485 2659 540 2724 Ait
562 2659 674 2724 enimt
706 2663 744 2724 Si
766 2663 925 2732 sanctos,
955 2661 1011 2744 qui
1031 2662 1193 2738 reperien-

78 2747 135 2808 tur·
168 2739 299 2831 Christo
320 2749 471 2808 veniente
492 2741 662 2811 niventes.
691 2747 781 2828 eique
803 2743 986 2810 inobviam
1009 2745 1191 2823 rapientur,

77 2827 313 2914 crediderimus
334 2833 368 2892 in
390 2829 500 2894 eodem
524 2843 624 2910 raptu
646 2827 688 2890 de
709 2827 901 2892 mortalibus
919 2825 1106 2909 corporibus
1122 2829 1192 2890 eni·

78 2927 190 2985 turos.
220 2929 254 2978 et
281 2915 328 2977 ad
359 2915 472 2977 eadem
493 2935 570 2978 mox
592 2911 794 2976 immortalia
813 2913 1002 2986 redituros,·
1029 2911 1137 2992 nullas
1159 2911 1194 2984 in

77 2997 190 3062 verbis
220 2993 375 3088 Apostoli
390 2990 574 3082 =patiemur
603 2993 793 3084 angustias,
814 2992 892 3084 five
923 2995 979 3058 ubi
1007 2995 1114 3058 dicit.-
1148 2997 1194 3058 Tu

78 3083 170 3167 quod
209 3087 351 3155 eminas,
377 3104 443 3146 non
462 3080 677 3170 vivificatur,
697 3077 760 3168 nist
782 3083 957 3155 moriatur,
969 3073 1049 3169 fios
1068 3075 1126 3142 abt
1145 3079 1197 3148 da·-

79 3169 147 3246 cit:
204 3189 292 3242 mnes
306 3164 436 3252 quidem
451 3159 668 3259 resurgemus,
692 3165 1098 3238 automrtesdorm·iemus,·
1116 3163 1196 3244 quio

80 3273 140 3314 nec
170 3249 219 3315 illi
247 3274 308 3334 per
335 3253 617 3316 immortalitatem
645 3249 924 3341 vivificabuntur.
960 3243 1023 3336 m'fl
1050 3245 1197 3330 qualibet

80 3348 186 3410 morta
206 3337 372 3415 paululum
393 3349 502 3398 tamen
523 3347 601 3398 ante
622 3337 824 3408 moriuntur,
843 3354 884 3394 aa
905 3355 965 3416 per
983 3337 1044 3396 hoc
1063 3345 1097 3396 at
1113 3354 1135 3394 o
1149 3353 1197 3394 re·

24 3429 30 3442 '
73 3413 282 3510 surrectione
302 3441 370 3484 non
392 3434 485 3482 arunt
506 3418 626 3489 alieni,
647 3439 747 3502 quam
764 3417 962 3482 dormitione
981 3415 1196 3498 praecedunt,

81 3507 236 3588 quamvis
256 3497 459 3595 braviffima,
482 3517 677 3566 nontamen
696 3501 794 3565 nulla.
833 3500 951 3564 Media
973 3519 1057 3572 nox,
1069 3497 1116 3562 in
1131 3519 1196 3583 qua

79 3589 208 3652 clamor
229 3587 338 3652 factus
356 3585 416 3662 att,
442 3597 477 3648 et
495 3585 634 3684 sponsus
652 3584 758 3656 venit,
781 3583 948 3649 incertum
960 3581 1194 3651 mundifinem
1277 3609 1279 3614 ·

81 3685 321 3756 remotumque
355 3673 396 3733 ab
427 3690 522 3732 omna
546 3665 723 3734 scientias
745 3666 889 3731 in'tualis
913 3665 1020 3752 [ponii
1042 3663 1199 3733 infinum.

82 3749 269 3838 sicutipse
291 3749 396 3828 dixit,
419 3753 462 3816 de
482 3753 538 3818 dia
562 3765 673 3816 autem
695 3692 755 3816 illa
776 3765 811 3817 st
828 3747 910 3818 tota
931 3751 989 3813 atta
1009 3741 1194 3843 tremescit,

82 3859 184 3919 neque
203 3837 323 3920 Angeli
343 3837 505 3912 ituenda,
527 3859 628 3920 nsqzta
640 3836 736 3930 filius
755 3837 913 3910 hominis,
938 3829 1002 3923 nist
1023 3837 1123 3896 Pater
1133 3825 1192 3925 so·

81 3921 144 3984 lus.
173 3923 218 3986 Et
238 3921 275 3986 in
297 3915 366 3998 fine
388 3919 572 4007 praesentia
588 3923 783 4007 parabolae:
808 3920 962 4001 Vigilate
974 3922 1097 4001 itaque,
1118 3920 1197 3999 quia
1235 3915 1240 3926 '

82 4006 218 4070 necitis
249 4007 355 4081 diem,
383 4028 486 4093 neque
512 4007 635 4071 Isaram.
680 4005 815 4088 Clamor
842 4001 900 4066 ille
921 4000 1085 4088 fignificat
1105 4022 1197 4086 apen

85 4087 111 4155 ri
228 4089 318 4176 figua
333 4110 419 4176 quae
440 4091 645 4176 praecedent
666 4084 924 4154 destructionem
946 4083 1067 4170 mundi
1089 4099 1125 4149 et
1143 4087 1197 4148 ad·

85 4187 229 4240 ventum
263 4173 424 4249 Domini3
460 4177 503 4240 du
518 4227 520 4236 .
535 4171 670 4262 quitus,
685 4171 757 4259 ipse
787 4171 905 4240 sedena
926 4167 1196 4256 supermontem
1227 4225 1229 4230 .
