2930 4982
499 237 608 311 tato
628 239 790 324 onaan
863 199 866 207 ‘
1119 236 1195 310 tro

84 423 333 492 turbationibus
367 422 445 490 suia.
488 423 581 492 Hinc
601 426 620 491 a
639 421 850 514 philosophia
871 425 1074 490 Graecorum
1095 433 1196 490 roct-

82 512 200 576 bulum
222 508 282 574 libi
304 507 503 575 attributum
525 510 570 574 est
591 509 813 598 condignum.
851 511 920 573 'der
941 509 1032 574 enim
1055 508 1192 584 dicitur,

82 591 121 659 id
147 593 192 657 cll
220 591 377 680 spiritua,
411 592 557 680 ideoque
585 594 721 679 simplex
752 615 791 658 ac
810 587 993 678 spirituale
1023 613 1145 678 corpua
1175 613 1195 657 a

83 674 230 758 Phyteia
251 676 554 762 vocitatur‚·quod
574 679 614 741 ab
635 676 688 743 bia
710 677 769 765 qui
793 673 930 762 Olympi
952 675 1078 745 muntia
1093 673 1194 738 verti·
1242 705 1254 737 t

83 773 155 825 cem
178 760 389 836 ascendunt,
406 758 639 824 indubitanter
660 781 678 824 a
701 762 881 846 probatur,
904 781 983 824 cum
1004 759 1075 824 illic
1100 760 1195 822 nulla

84 838 205 934 ἀτμὶς,
227 845 294 908 hoc
317 843 360 906 est
381 843 575 930 vaporatio,
598 845 655 908 seu
678 785 720 909 Se
734 844 890 916 tertaseu
908 840 951 906 de
969 863 1064 930 aqua,
1086 841 1194 930 potest

85 925 232 991 exaltaria
274 928 378 1011 Quod
398 937 511 992 autem
531 926 674 993 inferior
693 948 769 1026 para
792 931 883 1006 elue,
913 925 996 991 adria
1020 925 1117 1000 dico,
1138 939 1196 987 va·

81 1029 179 1098 porea
208 1009 331 1095 recipit
362 1012 404 1074 ad
434 1010 626 1075 mortalium
649 1009 845 1074 animalium
870 1008 1070 1082 utilitatem,
1093 1015 1193 1095 'quae

83 1096 212 1180 alitque
229 1094 313 1157 flatu
333 1100 430 1158 aereo
451 1092 568 1159 vivere
586 1113 658 1158 nou
681 1097 815 1168 valent,
839 1091 955 1157 divina
976 1090 1194 1192 providentia
1275 1118 1278 1126 ¹

84 1175 333 1241 administrante
362 1176 557 1275 diapofitum
588 1177 642 1242 est.
685 1177 722 1241 si
754 1176 845 1242 enim
879 1175 1071 1263 [implicitae
1101 1173 1194 1240 illiue

83 1263 208 1346 abeque
235 1261 304 1322 ulla
325 1261 544 1338 humiditate,
578 1263 791 1348 quadamque
812 1259 1023 1346 corpulentia
1045 1258 1196 1345 inte'rpo·
1250 1292 1254 1307 ·

83 1345 139 1408 sita
165 1342 360 1408 mortalium
390 1363 570 1431 corporum
589 1347 770 1431 pulmones
791 1342 947 1419 inflarett
979 1363 1194 1430 nequaquam

83 1425 181 1514 ignea
201 1442 323 1490 natura
343 1449 429 1526 quae
451 1426 608 1495 cordibae
629 1427 712 1492 inest
733 1430 888 1502 arderet,
920 1447 960 1491 ac
979 1447 1041 1514 per
1062 1428 1129 1490 hoc
1143 1441 1193 1510 to-

81 1525 152 1576 tum
174 1529 299 1595 corpus
320 1510 533 1597 ingemeret,
557 1511 676 1577 calorie
697 1510 824 1575 virtute
841 1511 1006 1575 desertum
1020 1523 1193 1654 perquam

81 1591 194 1656 vitalia
222 1607 336 1657 mutue
364 1594 518 1661 mortalia
539 1597 689 1660 membra
710 1591 882 1660 ministrat.
925 1595 970 1657 Ut
992 1613 1071 1680 ergo
1108 1591 1196 1656 ubti-
1260 1627 1263 1634 ι

81 1675 157 1741 litae
189 1674 272 1740 adria
301 1675 471 1776 adiunctio
499 1677 557 1743 fibi
580 1678 761 1764 vaporibus
783 1677 818 1742 in
840 1679 1020 1765 pulmones
1042 1675 1193 1751 intraret,

81 1758 322 1845 fortioremque
356 1777 522 1846 impetum
553 1762 680 1826 facient
714 1761 829 1849 ignem
850 1759 961 1826 cordia
982 1759 1193 1835 incenderet,

105 1859 258 1930 rupteree
280 1842 422 1909 inferior
441 1866 517 1931 pare
539 1845 622 1910 adria
644 1845 734 1910 circa
759 1860 860 1909 terrac
879 1867 896 1908 a
920 1864 979 1908 uas
1004 1864 1048 1907 ue
1062 1842 1193 1918 diffusa,

81 1865 293 1990 {umiditatie'
315 1928 616 2016 corpulentiaeque
639 1949 743 2016 capax
765 1929 852 1993 sacta
878 1867 943 2003 es,
969 1865 1095 2014 alequa
1117 1927 1195 1989 suae
1255 1921 1265 1938 ⁴

80 2007 333 2096 impliciffimae
354 2009 641 2097 sereniffimaeque
660 2027 800 2076 naturae
815 2013 871 2075 rel
888 2010 1116 2098 corruptione,
1138 2009 1194 2072 vel

80 2089 304 2169 detrimento,
320 2094 380 2158 uel
397 2095 640 2170 additamento,
661 2098 716 2160 rel
730 2097 799 2160 ulla
813 2094 1004 2158 mutatione
1019 2093 1073 2156 vel
1090 2109 1194 2156 trane·

79 2177 279 2241 mutatione.
321 2179 504 2266 Propterea
527 2193 639 2243 autem
662 2176 732 2244 dixi
754 2179 886 2242 ebreum
910 2178 1016 2242 solum
1038 2175 1192 2262 spiritum

79 2263 121 2324 ad
141 2258 256 2345 ignem
278 2261 390 2326 cordit
412 2261 686 2337 incendendum,
709 2263 767 2326 seu'
789 2265 830 2325 ad
853 2260 916 2326 alia
939 2280 1079 2345 corpora
1098 2259 1194 2325 sensu

82 2344 229 2408 carentia
260 2345 443 2409 nutrienda
471 2363 542 2408 nou
574 2343 724 2409 sufficere
747 2346 872 2430 'absque
892 2345 965 2407 ulla·
983 2341 1196 2429 corpulentia

78 2427 291 2503 intermixta,
327 2427 487 2513 quoniam
521 2425 661 2512 igneum
684 2435 884 2512 abreumque
907 2428 1112 2490 elementum
1124 2447 1195 2571 per

80 2512 114 2575 se
135 2511 194 2575 fibi
215 2510 364 2575 invicem
386 2515 594 2597 junguntur,
624 2512 671 2574 ita
692 2525 732 2574 ut
753 2511 885 2574 nullum
909 2523 1041 2572 motum
1064 2508 1120 2572 sen
1133 2505 1195 2570 rbi·

79 2596 146 2658 lem
176 2589 340 2669 efficiant,
377 2615 457 2680 prae
485 2591 592 2657 nimia
614 2594 691 2658 suae
710 2609 851 2658 naturae
872 2590 1076 2668 subtilitate,
1109 2591 1195 2678 quac

78 2679 207 2763 semper
241 2677 355 2765 quieta
388 2676 432 2742 est
462 2675 624 2762 omnique
645 2675 900 2764 perturbatione
920 2689 1060 2738 remota.
1102 2677 1195 2738 Dum
1229 2713 1231 2718 ·

81 2780 162 2826 vero
183 2759 402 2827 inferioribus
422 2760 456 2824 se
477 2759 675 2835 elementis,
707 2777 815 2824 terrac
837 2759 914 2824 dico
937 2772 971 2820 et
991 2777 1097 2842 aquae
1118 2756 1197 2822 mie-

81 2859 221 2920 centur,
243 2841 280 2907 in
303 2843 440 2908 illorum
462 2841 707 2930 corpulentiori
729 2842 890 2929 qualitate
910 2840 979 2904 vim
996 2841 1087 2903 suam
1106 2861 1196 2904 exer·
1233 2833 1238 2851 '

79 2943 184 3002 cent,
216 2941 329 2991 mutua
354 2949 398 2991 ue
425 2927 502 2991 suot
537 2925 659 3013 quibua
691 2948 731 2992 co
775 2947 831 2990 ora
859 2923 1023 2990 senfibilia
1053 2921 1221 2988 admini·‘

82 3010 202 3086 strant,
239 2949 431 3075 maniselloe
467 3012 682 3096 depromunt.
785 3030 827 3074 oc
857 3023 969 3072 autem
1002 3006 1198 3094 paradigma

104 3109 258 3180 ropterea
298 3091 569 3168 introduximus,
612 3109 652 3157 ut
685 3091 925 3157 incunctanter
952 3104 1198 3160 concacarunt

78 3117 262 3242 {umanum
284 3193 439 3242 naturam
460 3175 497 3241 in
518 3175 774 3276 regeneratione
796 3180 866 3256 ejua
885 3173 992 3240 sereni
1032 3171 1197 3240 mamesse
1224 3235 1227 3240 .

5 3293 6 3296 ¹
78 3261 248 3334 futuram,
280 3263 361 3325 dum
388 3260 425 3324 in
463 3281 501 3325 ea
530 3260 619 3324 nihil
645 3275 815 3324 terrenum
847 3260 905 3323 seu
932 3257 1111 3325 humidum
1138 3259 1197 3323 seu

77 3343 308 3432 ponderosum
338 3342 566 3430 relinquetur,
598 3341 740 3409 omniuo
767 3341 803 3407 in
834 3339 987 3429 spiritum
1015 3343 1195 3407 conversat

80 3427 289 3493 diversarum
320 3442 433 3491 tamen
464 3425 664 3512 qualitatum
692 3445 849 3512 capacem
879 3425 951 3490 sore
980 3424 1104 3513 abeque
1128 3425 1198 3487 ulla

74 3509 299 3576 restitutionis
317 3510 398 3584 suae
419 3510 668 3597 permutatione
683 3526 741 3574 aut
757 3508 924 3574 contraria
951 3508 1010 3571 fibi
1063 3505 1195 3574 afflone.
1275 3545 1283 3564 .

77 3597 126 3660 Ut
149 3594 241 3659 enim
262 3602 316 3656 adr
337 3592 395 3658 iste
418 3613 457 3656 ex
502 3613 547 3656 uo
578 3591 833 3658 similitudinem
857 3593 1025 3678 quandam
1070 3587 1201 3665 uuani-

74 3676 159 3742 tatie
191 3675 404 3763 accepimua,
441 3691 494 3742 aet
521 3697 613 3742 crece
636 3677 777 3765 desuper
797 3677 1007 3774 splendores,
1043 3675 1228 3739 deorsum.

76 3778 164 3826 vero
186 3775 360 3827 concretae
385 3782 425 3824 ex
448 3773 536 3825 terra
556 3775 591 3824 et
613 3782 697 3847 aqua
718 3759 841 3858 reciprt
861 3755 1122 3844 fumigationes:
1149 3755 1197 3820 ita

75 3845 275 3910 humaniter
297 3847 340 3909 ad
359 3841 543 3930 imaginem
564 3843 631 3908 Dei
648 3844 758 3920 sacta,
780 3839 1067 3907 arrationabilibue
1083 3855 1198 3904 autem
1288 3875 1291 3884 ‹

77 3927 152 3994 suia
172 3929 323 3994 motibuc
344 3927 381 3993 in
403 3946 551 3992 amorem
571 3943 684 3992 rerum
704 3924 933 4000 sensibilium,
954 3923 991 3986 in
1016 3946 1060 3988 ue
1081 3929 1199 4010 corpo'·

73 4033 115 4079 ra
151 4010 386 4099 corruptibilia
416 4032 502 4100 quae
534 4031 607 4077 eam
638 4025 821 4111 aggravent
844 3945 1077 4074 miserabiliter
1096 4007 1198 4094 lapsa,

78 4099 169 4161 dum
190 4111 342 4242 tempore
363 4116 399 4160 re
424 4094 628 4166 enerationia'
644 4098 687 4159 'tn
709 4092 888 4180 antiquum
907 4091 1121 4158 revocabitur
1140 4085 1200 4155 lla·

78 4195 181 4257 tum,
203 4177 262 4245 dit
277 4177 386 4245 nitra
411 4179 453 4246 tit
473 4178 511 4246 id
533 4177 567 4246 se
589 4191 623 4284 et
643 4179 742 4266 supra
762 4176 797 4242 se
816 4175 1070 4266 splendentibua
1091 4173 1129 4240 iu
1143 4172 1199 4238 bia
1303 4204 1310 4224 x
1341 4199 1345 4214 ¹

426 4281 454 4304 Ι·

715 4291 834 4376 ὅδ’,
