2930 4982
488 175 597 310 tarn
614 239 778 324 nuno
935 279 939 288 -
1112 241 1199 314 ern.

76 433 175 486 erunt
194 411 342 490 tn'verir
363 395 728 511 contemplationibus,
755 445 873 490 verum
918 424 1074 500 audium.
1102 447 1183 494 vera

73 497 217 580 laetitia,
240 525 318 572 cum
340 525 443 574 omne
463 511 555 594 quod
575 507 611 572 in
634 512 698 574 hac
715 505 787 572 vita
806 530 867 594 per
879 445 980 576 uitem
996 508 1180 595 accipiunt,

73 585 125 652 in·
141 587 258 652 futuro
287 609 348 677 per
375 590 520 676 speciem
550 593 817 659 confiderabunt.
877 593 943 657 Sed
974 591 1080 678 qualia
1110 593 1182 681 ipsa

73 667 196 756 speciae
223 670 280 748 lit,
312 673 545 762 unusquisque
576 674 613 739 in
643 675 750 760 [eipso
776 674 908 740 videbit
931 674 1181 762 experiment03

72 759 114 818 In
133 755 229 832 dqmo
250 753 358 828 enim.
380 756 494 843 iuquit
514 756 657 832 Veritas,
689 763 805 824 Patris
823 762 888 822 mei
906 756 1085 846 monstrares
1105 761 1183 822 nual-

72 850 128 900 ιω
176 849 245 900 ruat.
287 839 376 902 Utrie
400 861 444 904 ue
473 856 585 906 tamen
616 857 718 906 erunt
742 841 932 928 phantaliae
950 842 1059 907 veluti
1079 842 1182 909 laciea

73 923 237 1018 quaedam
267 862 400 1008 expreli

72 1019 224 1078 tronum:
245 1025 326 1068 nam
347 1026 416 1070 nou
438 1027 497 1092 per
518 1006 679 1093 seipsum,
701 1009 759 1072 red
778 1031 840 1094 per
855 1011 1016 1096 quaedam
1036 1009 1110 1072 luae
1124 1031 1181 1096 ap·

69 1084 253 1174 petitiones
283 1088 469 1154 fecundum
500 1089 715 1156 altitudinem
744 1091 1012 1178 uniuscujusque
1042 1093 1181 1158 Sancto·

69 1191 144 1234 rum
175 1171 476 1270 contemplationis
498 1171 670 1239 videbitur
689 1178 796 1240 Deua.
839 1177 931 1239 Haec
951 1173 1010 1263 qui
1036 1197 1079 1260 pe
1101 1175 1181 1242 lunt

70 1255 176 1325 nubea
199 1255 242 1317 de
285 1259 387 1320 arbua
409 1255 457 1321 ait
476 1257 668 1354 Apostolus:
707 1262 892 1341 Rapiemar
913 1261 948 1322 iu
969 1197 1106 1324 nulibus
1126 1261 1180 1325 ob·

67 1339 156 1402 uiam
177 1276 336 1430 Christos
356 1342 463 1405 nubea
484 1339 647 1405 videlicet
668 1363 708 1428 ap
735 1344 838 1406 ellane
864 1340 1053 1407 divinarum
1076 1345 1182 1428 phan-

69 1420 221 1484 tasiarum
251 1420 395 1486 diversae
426 1421 673 1509 apparitiones,
705 1365 891 1490 iecundum
912 1423 1181 1513 uniuscujusque

70 1502 218 1568 deificati
239 1502 455 1570 altitudinem
477 1505 637 1571 meoriae.
680 1507 797 1594 impiis
818 1527 900 1572 vero
921 1507 1113 1573 mortalium
1129 1532 1180 1575 re·

68 1607 144 1652 rum
171 1587 302 1674 semper
329 1603 429 1652 erunt
448 1589 659 1674 phantaliae‚
693 1613 732 1656 ac
753 1583 900 1657 diveriale
920 1591 1086 1676 falsaeque
1104 1592 1180 1678 ⁸spe·

68 1670 157 1745 ciea,
188 1670 374 1736 secundum
404 1671 550 1736 diversor
578 1675 740 1738 malarum
767 1671 901 1738 inarum
932 1673 1180 1759 cogitationum

66 1766 190 1821 metue·
231 1755 277 1818 Et
297 1755 582 1840 quemadmodum
604 1755 753 1821 deificati
800 1777 836 1821 er
851 1756 1115 1822 innumerabiles
1130 1759 1188 1824 di·,

65 1835 168 1902 vinae
198 1853 333 1902 contem
359 1837 496 1904 lationis
523 1842 644 1926 gradus
674 1780 874 1914 ascendent,
907 1841 991 1904 licut
1017 1840 1180 1928 scriptum

68 1919 131 1986 elit
158 1919 261 1986 lium
269 1861 358 2014 jusit¹
378 1923 420 1984 cle
439 1925 566 1987 vittam
586 1925 622 1986 in
639 1927 821 1998 uirtutem,
851 1922 888 1986 in
912 1922 1059 1989 nubibus
1081 1926 1180 1991 vilio·

67 2002 123 2068 uia
150 2003 261 2092 rapti.
278 2005 530 2106 ‘efficiuntque‘
543 2009 657 2071 Deum
678 2010 829 2107 Deorum
849 2009 883 2070 in
905 1997 1003 2096 Sion,
1034 2010 1101 2073 hoc
1121 2008 1177 2107 est,

64 2087 1179 2261 ttettltl'ltmamlltitulati?‘tc'ltt‘littltl

64 2254 201 2320 suorum
224 2255 397 2320 descensus
419 2255 456 2321 in
477 2257 686 2342 profundum
705 2257 718 2320 i
743 2255 937 2329 notantiae.
960 2255 1065 2343 inque
1087 2274 1179 2322 tene·

65 2340 143 2404 brae
172 2336 367 2413 exteriorea,
397 2337 434 2402 in
464 2339 587 2424 quibua
618 2344 686 2405 erit
734 2353 806 2405 etus
826 2353 860 2402 et
868 2337 1001 2432 stridor
1020 2341 1179 2404 dentiam.
1268 2407 1271 2416 ,

63 2423 106 2487 lu
125 2420 279 2522 atriaque
300 2435 433 2496 tamen.
463 2421 554 2500 jullia
571 2420 655 2487 dico
677 2439 712 2487 et
730 2420 867 2509 impiis,
895 2422 1000 2497 salva,
1036 2439 1071 2486 et
1091 2421 1178 2488 inte·
1237 2475 1246 2487 .

66 2525 143 2592 gra,
167 2519 202 2570 et
223 2503 513 2592 incontaminata,
536 2505 698 2592 omnique
720 2503 885 2571 contraria
906 2501 1054 2589 paffione
1073 2503 1179 2573 libera

66 2586 133 2653 erit
162 2604 196 2652 et
225 2588 355 2673 semper
383 2587 448 2652 erit
467 2590 615 2654 humana
636 2604 777 2653 naturae
808 2585 960 2671 utrisque
980 2587 1045 2652 erit
1062 2587 1179 2653 statilia

63 2670 292 2820 ructus
306 2668 1183 2822 nuttriri?inienuitatetelle*

64 2852 161 2902 turae
183 2779 308 2925 gioria,
331 2798 467 2934 quindo
488 2838 658 2902 auferetur
679 2839 790 2902 omnia
813 2774 1037 2911 cpontunielia3
1060 2834 1178 2901 limilia

64 2920 219 2997 ell'entia,
252 2918 366 2984 lirniha
398 2920 588 2986 aeterniter.
631 2924 724 2986 Haec
752 2922 829 2985 lunt
861 2917 898 2982 iu
920 2917 1179 3004 regeneratione

65 3003 236 3090 generalia
256 3002 489 3090 naturaliaque
508 3006 599 3068 bona
620 3004 724 3070 totius
745 2999 981 3077 humanitatis,
1003 3000 1178 3067 omnibus·

89 3110 134 3153 ue
165 3083 447 3175 participantibus
477 3109 548 3152 earu
571 3085 776 3152 communia.
819 3088 912 3150 Haec
932 3085 1011 3149 lunt
1030 3086 1116 3149 date
1135 3086 1179 3148 de
1316 3084 1318 3093 '

55 3109 189 3268 βψω
210 3193 232 3235 a
252 3174 353 3235 Putre
372 3171 526 3234 luminum
543 3165 795 3272 descendentia,
816 3168 853 3233 in
877 3189 994 3233 omuea
1017 3167 1179 3256 generali·

61 3273 116 3322 ter
138 3253 281 3329 diffusa,
310 3273 454 3341 quorum
476 3253 596 3340 partior
623 3254 737 3321 atione
758 3273 859 3318 neruo
882 3251 1088 3327 excluditur,
1118 3273 1178 3317 ne·

59 3360 123 3406 mo
151 3337 323 3426 privatur,
353 3357 430 3402 cum
460 3357 561 3403 nemo
597 3279 665 3404 [Prae
686 3337 739 3404 hie
762 3335 914 3412 iubfistit,
948 3335 1075 3400 nulline
1097 3333 1178 3398 mali

60 3419 194 3488 meritia
223 3418 478 3506 impediuntur,
521 3443 567 3485 ne
596 3425 739 3502 dentur3
781 3417 908 3484 nulline
935 3421 1027 3483 bona
1057 3417 1178 3482 merita

59 3507 292 3594 praecedunt,
314 3501 436 3602 quibua
457 3505 681 3589 praestentun
706 3524 807 3568 omne
828 3501 1178 3589 meritumpraeo‘cou·

57 3603 166 3677 pant3
202 3588 270 3652 fola
292 3584 408 3652 drvina
427 3585 589 3652 bonitatis
611 3586 765 3675 largiflua
808 3583 999 3650 lenitudine
1019 3583 1178 3649 omnibus

57 3667 792 3840 3310⁰tt2222ttlti²ltt0ltili?-
816 3665 1176 3836 lietduini:

359 3798 368 3827 ἰ
781 3795 792 3826 9
1218 3822 1221 3830 ,

56 3838 200 3914 iniunt,
223 3850 259 3900 et
277 3835 378 3902 bonie
401 3851 436 3900 et
455 3835 574 3912 malia;
597 3858 616 3900 a
637 3839 733 3901 nullo
754 3837 980 3906 retrahuntur,
1003 3831 1176 3896 aeternali·

57 3937 114 3986 ter
136 3918 176 3984 iu
198 3917 356 3984 omnibus
378 3934 413 3982 et
432 3917 688 3983 substantialiter
708 3918 975 4002 permanebunt,
1000 3914 1176 3980 omnicot-

55 4001 227 4092 ruptione
254 4001 488 4090 contrariaque
523 4001 672 4087 pullione
701 4003 861 4066 absoluta.
913 4001 1067 4075 Attamen
1099 3999 1178 4062 sunt

55 4084 309 4154 contrariarum
329 4085 553 4171 qualitatum,
584 4089 750 4151 bonarum
772 4082 849 4149 dico
870 4083 1098 4168 malarumque
1117 4103 1177 4144 vo·

55 4175 259 4245 tantarum,
277 4168 415 4235 virtutis
436 4166 713 4258 ignominiaeque
734 4166 880 4258 capacia.
911 4167 955 4230 Et
975 4167 1085 4234 bonae
1104 4163 1176 4252 qui·

659 4292 739 4357 .33’

391 942 448 999 aet
478 923 569 1002 jallia
597 923 734 1010 quidem
764 924 954 991 divinarum
977 927 1182 1012 contempla·
1305 958 1315 1000 s
