2856 4978
441 274 552 348 uter
570 273 738 362 mareu.
782 229 787 234 ’
1063 263 1149 341 ear

53 457 205 530 munitate
248 473 393 526 uteretur
406 481 469 548 pro
485 459 584 526 nobie
596 455 802 533 hominibus,
816 451 999 542 paffionem
1006 471 1068 548 per
1075 441 1146 547 prii·

53 549 167 611 fiunem
183 483 314 632 iofveut
326 540 833 631 etmortempermortemluam
841 541 1058 610 mortificant.
1079 549 1147 612 De·

52 644 158 716 putata
175 627 344 692 citantem
358 626 462 715 pallio
478 626 514 692 in
530 626 712 700 Deitatem‚
729 640 764 690 et
778 623 916 710 quidem
931 627 1147 695 Deitatenon

51 711 202 800 patiente,
212 726 365 797 reputata
374 727 487 776 autem
476 708 786 860 AEffioueDeitnti,
795 705 873 794 quia
881 707 1149 800 fiebeneplacuit

52 793 195 860 venienti
217 796 341 859 Sancto
356 811 391 860 et
402 795 473 882 imp
531 795 592 860 bili
607 797 725 860 Verbo.
752 792 810 857 Est
823 807 934 858 autem
951 797 1148 874 hujusmodi

52 880 210 978 quoddam
238 880 449 966 exemplum,
486 881 582 944 velut
610 879 633 944 fi
657 877 711 944 uit
741 873 975 944 vestimentum
994 877 1148 958 indutus,

50 982 83 1026 tu
109 960 305 1028 vestimento
334 979 446 1028 autem
476 960 610 1050 languit
635 901 769 1050 iperius
789 960 958 1048 pollueret
975 963 1151 1030 vestimen·

51 1060 132 1119 tum,
155 1060 189 1108 et
208 1043 342 1132 languit
358 1046 400 1110 in
416 1045 651 1111 vestimentum
665 1044 807 1112 venient
822 1063 894 1108 non
909 1059 1063 1145 tangeret
1079 1066 1151 1112 cor·

50 1148 107 1214 put
134 1126 267 1204 indunt
301 1130 519 1216 deputaretur
546 1145 658 1194 autem
686 1127 845 1215 contagio
863 1127 1038 1216 ¹[unguinis
1058 1128 1152 1195 vetti-
1236 1141 1238 1148 ’

51 1210 149 1275 menti
178 1209 216 1274 in
238 1231 315 1276 eum
336 1211 397 1301 qui
417 1209 614 1278 vestimentn
636 1212 805 1278 induitur:
836 1209 880 1276 stc
900 1209 937 1276 in
961 1233 1062 1278 carne
1081 1213 1153 1300 pai·

51 1294 98 1357 tur
118 1293 161 1356 etl
181 1293 349 1372 Christus,
378 1296 416 1360 in
438 1296 511 1383 ipio
533 1297 715 1362 Dominico
736 1292 895 1370 hominet
925 1316 1025 1383 quem
1046 1295 1083 1362 in
1106 1297 1154 1364 le·

51 1376 149 1462 ipsum
181 1377 381 1444 reformavit
412 1401 452 1444 ex
483 1380 586 1446 coelia
616 1381 759 1447 venient
783 1377 855 1465 ipse
883 1379 1027 1445 Sanctus
1056 1384 1152 1446 Deua
1270 1453 1274 1460 ,

41 1463 205 1524 ‘Verbumt
237 1462 323 1526 litut
342 1463 390 1527 uit
410 1465 529 1529 beatur
547 1466 686 1541 Patrue,
718 1459 944 1528 Mortificatue
966 1485 1084 1552 cante.
1104 1461 1155 1529 vi·
1257 1503 1266 1512 -

51 1540 195 1607 vilicatus
217 1559 331 1610 autem
352 1545 481 1632 spiritu.
522 1551 568 1612 Et
588 1548 722 1619 iterum.
753 1545 881 1613 Christo
902 1559 983 1633 ergo
1002 1545 1156 1634 patiente
1269 1567 1271 1574 ·

53 1645 106 1710 pro
132 1625 232 1692 nobit
261 1650 377 1704 carne,
412 1646 447 1704 et
465 1651 528 1697 voe
549 1631 586 1696 in
608 1633 750 1696 eandem
769 1629 1030 1718 intelligentiam
1053 1651 1156 1695 arme-
1220 1705 1223 1718 Ι

53 1707 146 1775 miuit
167 1711 255 1775 licut
273 1712 381 1777 veluti
403 1713 537 1802 languit
558 1714 596 1779 in
613 1713 811 1779 vestimento
825 1716 1007 1800 deputatur
1020 1711 1155 1788 ferenti,
1201 1775 1204 1782 ,

54 1793 202 1878 deputata
236 1793 279 1858 ell
316 1795 347 1860 ei
375 1795 477 1882 paffio
506 1796 615 1862 carnit
635 1797 672 1862 in
695 1797 881 1871 Deitatem‚
910 1783 1048 1862 Deitate
1067 1794 1157 1862 nihil

52 1875 212 1972 patiente,
238 1892 370 1943 utnon
392 1879 428 1944 in
450 1881 624 1946 hominem
647 1878 785 1946 haberet
805 1882 953 1946 mundun
974 1882 1077 1968 spem,
1098 1879 1158 1944 led

52 1979 84 2022 tu
101 1957 286 2025 Dnminieo
307 1962 447 2028 homine
469 1963 604 2030 Deitate
625 1980 782 2051 recepta,
814 1978 1027 2050 reputaretur
1047 1961 1118 2026 ini
1145 1997 1157 2012 ·

52 2041 111 2106 lam
131 2041 255 2129 pallio.
278 2060 318 2108 ut
338 2043 434 2111 fieret
453 2069 515 2134 pro
540 2041 669 2114 mundo
692 2069 733 2112 ex
754 2045 890 2111 Deitate
906 2043 1096 2134 impaffibili
1125 2066 1158 2111 a·
1268 2073 1290 2112 ’,

53 2123 116 2189 lut:
146 2142 186 2190 ut
216 2126 258 2191 in
288 2131 499 2196 tumefacta
544 2130 621 2196 allio
644 2145 679 2196 et
699 2131 835 2197 Deitate
855 2129 905 2194 nil
926 2129 1079 2218 patiente
1099 2148 1158 2193 ne·

53 2225 109 2294 q'ue
128 2209 330 2288 lustinente‚
354 2211 392 2276 in
415 2235 487 2280 eam
535 2231 606 2279 eret
626 2217 785 2302 deputata
805 2211 931 2300 paffi03
959 2228 1000 2278 ut
1017 2213 1158 2298 implea-

45 2305 101 2368 tur
119 2293 295 2381 Scriptura·
315 2317 399 2392 quae
423 2297 522 2363 dicitt
545 2298 582 2364 Si
605 2297 696 2363 enim
710 2297 959 2386 cognovillent‚
981 2315 1159 2382 nunquam

53 2375 231 2442 Dominum
253 2381 378 2464 glottae
400 2381 645 2447 crucifixiffent.
689 2379 879 2446 Crucifixus
901 2379 945 2444 est
962 2399 1061 2466 erg0‚
1085 2397 1159 2443 cru·

55 2457 161 2524 tifixua
183 2463 232 2525 est
255 2461 443 2542 Dominue;
480 2481 514 2546 et
536 2469 711 2530 aduramur
733 2461 961 2536 crucifixum·
977 2461 1157 2547 sepultum,
1193 2471 1195 2478 ’

55 2556 85 2604 et
100 2538 329 2632 reiut-gentem
351 2547 450 2613 tertia
473 2547 545 2624 die,
569 2546 660 2612 etin
683 2547 1079 2612 coelotaleendentem.”
1113 2546 1160 2608 Ut

58 2641 158 2712 autem
186 2649 392 2713 cognoscat,
425 2634 518 2718 quod
548 2652 620 2696 nnn
643 2633 686 2695 de
707 2628 792 2704 alio,
826 2649 945 2692 verum
966 2625 1008 2690 de
1029 2624 1160 2712 Spiritu

13 2750 17 2761 -
58 2709 170 2776 Sancto
194 2711 328 2777 dictum
349 2713 413 2790 est,
446 2721 548 2779 Pater
565 2718 604 2778 in
624 2714 738 2777 manus
757 2727 836 2777 tuat
854 2709 1042 2808 commenda
1052 2703 1160 2797 spiri·
1202 2781 1207 2791 ‚

55 2805 114 2856 tum
143 2819 270 2872 meum
296 2797 374 2861 audi
399 2802 545 2863 eundem
567 2797 603 2862 in
630 2799 760 2862 eodem.
803 2791 864 2871 „si
886 2790 1081 2866 audierint,
1114 2793 1162 2856 in·

55 2881 135 2960 quit,
156 2877 240 2966 quia
260 2879 298 2942 iu
321 2883 456 2946 dextera
481 2879 546 2945 Dei
569 2882 747 2954 exaltatur,
770 2892 805 2941 et
824 2873 1076 2964 promillionem
1097 2874 1115 2938 i
1135 2873 1162 2939 i·

55 2957 129 3026 ritus
150 2961 325 3048 accipient
347 2985 364 3027 a
385 2967 501 3029 Patret
523 2977 603 3043 aut,
625 2959 815 3050 praestolari
834 2955 1085 3048 promiffionem
1129 2979 1162 3024 a·

55 3043 107 3108 trit
128 3067 229 3131 quam
255 3045 388 3126 audistin
410 3049 495 3113 mei:
517 3063 594 3121 aut,
615 3041 695 3134 quia
716 3043 852 3132 [piritna
874 3064 954 3108 enm
971 3039 1108 3107 immitit
1122 3040 1162 3106 in

58 3129 236 3194 desertum:
268 3143 347 3208 aut,
376 3135 469 3218 quod
491 3132 561 3218 iple
591 3130 683 3207 leit,
706 3127 815 3194 nolite
837 3125 985 3214 cogitare
1007 3123 1091 3212 quid
1112 3123 1163 3191 di-

56 3211 140 3286 tatia,
156 3211 241 3299 quia
252 3213 388 3361 sipiritut
402 3215 512 3282 Patris
523 3214 603 3293 mei,
623 3213 682 3302 qui
693 3210 895 3299 loquiturin
906 3209 1024 3310 nobiae·
1034 3221 1115 3290 ,aun
1138 3207 1163 3272 st

58 3309 160 3360 autem
187 3297 226 3361 in
273 3296 379 3384 piritu
406 3299 473 3366 Dei
504 3298 603 3380 ejicio
632 3295 827 3364 daemoniat
859 3307 934 3371 unt,
965 3313 1026 3381 qur
1047 3308 1162 3358 autem

57 3378 260 3465 blasphemat
289 3380 327 3446 in
349 3379 511 3470 Spiritum
534 3383 695 3448 Sanctum
715 3400 788 3444 non
810 3378 1008 3444 demittetur
1028 3375 1061 3441 ei
1082 3390 1163 3440 etna

57 3475 125 3540 unt,
153 3461 258 3530 Pater
286 3465 324 3530 in
356 3487 478 3530 manua
503 3481 578 3529 tuat
610 3464 812 3530 commendo
838 3460 993 3550 spiritum
1026 3475 1164 3524 meumt
1246 3515 1249 3520 .

57 3559 129 3620 Μ,
159 3569 250 3637 puer
279 3565 392 3615 autem
413 3551 584 3615 creteebut
603 3562 638 3612 et
661 3547 916 3613 confortabatur
935 3541 1007 3630 ipse
1026 3541 1043 3604 l
1065 3540 1164 3605 iritut
1251 3597 1253 3604 n

58 3643 128 3705 aut,
147 3634 242 3698 leina
263 3649 375 3698 antem
396 3631 560 3719 plenueS
587 3628 669 3694 iritn
689 3631 814 3695 Sancto
834 3627 1025 3692 reverime
1067 3625 1165 3688 alor-
1201 3646 1204 3668 ·‚

59 3713 154 3781 danet
175 3729 257 3787 aut,
277 3710 427 3782 neverim
453 3715 496 3780 ell
515 3718 551 3778 Je
567 3735 606 3779 ua
630 3713 666 3777 in
680 3713 808 3778 virtute
818 3709 972 3799 spirituus
993 3706 1166 3793 autquod
1234 3721 1237 3726 ·

56 3812 168 3864 uatum
189 3799 236 3865 est
257 3823 299 3867 er
322 3799 441 3888 spiritu
460 3795 679 3886 spiritua‘ellt
708 3809 786 3867 aaut,
819 3809 855 3858 et
875 3812 938 3892 ego
958 3792 1086 3891 rogabp
1104 3789 1166 3890 lfa·

59 3893 152 3958 trem,
175 3899 210 3949 et
234 3884 337 3950 alium
357 3884 566 3948 Paracletum
590 3878 682 3945 dabit
696 3875 805 3955 vobit,
827 3875 1164 3964 spintumverttatrtt

59 3980 127 4041 tut,
148 3988 254 4055 quare
275 3969 321 4032 im
347 3967 433 4032 levit
453 3969 591 4030 Satanae
616 3979 809 4037 cortuum,
830 3957 981 4026 Ananiae
1002 3955 1093 4025 dixit
1104 3957 1166 4020 Pe
1185 3976 1210 4053 t·

60 4061 141 4126 true,
164 3993 469 4137 mentiriipiritui
491 4047 640 4115 Sancto?
677 4062 711 4110 et
732 4045 804 4130 post
823 4046 907 4109 haee
926 4063 998 4107 non
1019 4045 1165 4106 homunt-

58 4132 116 4197 but
142 4135 309 4201 mentitur
337 4155 372 4199 ea
390 4135 450 4198 ted
471 4137 563 4198 Deo:
594 4130 698 4218 igitur
718 4133 811 4192 Deut
833 4149 873 4192 ex
894 4131 986 4202 Deo,
1017 4139 1052 4190 et
1071 4126 1165 4222 Deua

59 4215 200 4302 Spiritu·
223 4220 366 4285 Sanctus
385 4215 465 4284 ell.”
486 4219 660 4282 Hactenus
681 4235 721 4278 ex
743 4209 948 4300 Epiphanio.
976 4212 1020 4274 D.
1031 4206 1166 4276 tranu-

688 4327 822 4423 tofi
932 4361 934 4364 .
