2854 4978
444 201 737 322 'monnone
879 253 882 262 ·
1018 205 1149 326 'roo

49 432 266 519 intelligetur.
302 430 512 498 fi-,votnnnr
544 431 636 502 illiue
663 449 698 500 et
724 432 806 499 risio
828 445 864 498 et
884 433 1020 518 edentia
1041 458 1148 502 unrun

50 519 95 584 eii.
135 519 177 580 D.
207 513 312 601 Cogis
343 518 410 596 jum
431 537 494 584 noe
516 516 615 585 fateri
636 516 750 584 omniu
772 537 994 604 quaecunque
1014 536 1149 585 aeterna

48 617 78 667 et
102 600 188 666 fucta
205 597 382 678 ‚dicuntur
405 598 583 666 dominum
605 602 679 668 effe,
721 599 758 670 Si
779 599 871 666 enim
895 601 1010 666 divine
1030 604 1151 667 volun·

50 701 90 750 tte
108 683 294 770 divinaque
314 681 396 750 vitio
420 682 598 752 edentitlio
615 685 674 763 est,
694 700 728 752 et
745 699 900 759 aeterna,
923 699 957 748 et
972 706 1041 750 non
1057 686 1148 752 aliud

49 769 86 832 eii
105 767 134 832 ei
156 765 219 832 effe
234 765 333 832 'eliud
353 767 555 836 vellentne
574 766 713 845 videre,
735 771 792 834 fed
813 789 920 832 unum
940 783 974 831 et
987 768 1024 832 id
1038 768 1147 856 ipsum

48 850 305 998 sugeress'eutiale
335 866 370 914 et
400 873 503 919 omne
523 856 758 942 quodcunque.
773 851 863 918 intra
883 849 1094 918 voluntatem
1118 871 1148 918 et

46 933 76 998 ri
99 955 199 1000 onem
231 934 509 1021 comprehendit,
539 956 612 1005 non
639 937 731 1002 uliud
760 951 892 1023 praeter
920 934 1030 1021 ipsum
1063 937 1171 1004 ratio*

46 1017 115 1082 finit
134 1014 300 1104 iutelligit
331 1019 470 1107 iimplex
489 1018 652 1106 Equidem
671 1037 790 1086 natura
812 1018 901 1084 intra
921 1019 953 1084 [e
974 1039 1046 1084 non
1067 1021 1151 1106 pnti-

46 1115 93 1166 tur
119 1101 184 1168 ess'e
213 1104 307 1188 quod
337 1103 406 1189 ipso
434 1123 507 1170 non
538 1104 598 1180 fit,
631 1105 728 1170 restat
748 1104 817 1172 fiue
836 1104 906 1168 ullu
927 1105 1151 1169 controverfir

47 1205 143 1250 unum
177 1184 356 1250 dominum
381 1185 497 1254 omniu
517 1186 556 1254 in
579 1188 737 1256 omnibus
760 1187 822 1252 effe
843 1184 952 1252 fateri.
994 1191 1039 1252 Et
1058 1189 1090 1252 fi.
1104 1188 1152 1254 ita

46 1268 100 1342 est,
121 1271 162 1332 de
186 1268 386 1334 aeternitate
408 1268 564 1336 omnium
587 1271 729 1358 quaein
750 1275 825 1335 Deo
844 1270 940 1344 sunt,
965 1269 1036 1336 imo
1050 1270 1150 1336 etiam

51 1372 127 1438 quae
154 1354 252 1416 Dent
275 1352 372 1431 sunt,
402 1374 504 1420 nemo
524 1355 582 1442 pie
601 1352 913 1441 philosophantium
937 1355 1038 1418 debet
1058 1354 1155 1440 igno·
1179 1379 1182 1390 ·

48 1456 121 1498 rare.
165 1437 288 1502 Adhuc
317 1451 429 1502 temen
460 1459 531 1516 non
563 1439 641 1507 [atio
672 1437 798 1512 video,
831 1440 1004 1524 quomodo
1035 1437 1153 1502 divino

46 1532 154 1584 natura
176 1534 268 1582 extra
292 1539 393 1606 quem
414 1521 502 1588 nihil
525 1522 586 1597 est,
609 1537 643 1587 et
663 1521 753 1588 iutra
797 1543 874 1585 uem
890 1520 1065 1606 subtiliant
1083 1543 1152 1586 om·

46 1601 113 1676 nia,
154 1601 244 1666 nihil
264 1600 354 1668 intro
374 1604 497 1692 sereni
523 1603 552 1668 it
575 1607 637 1670 effe
658 1609 750 1692 quod
771 1543 831 1669 ihi
849 1604 1061 1669 coeffentioie
1082 1627 1153 1670 non

47 1683 88 1748 [ιι
127 1688 174 1750 Μ.
198 1689 253 1749 De
277 1709 317 1752 eo
339 1691 431 1774 quod
452 1629 546 1752 uuila
567 1705 687 1754 natura
709 1689 871 1764 subfistat,
893 1703 1024 1773 praeter
1047 1689 1152 1753 domi·
1182 1715 1184 1718 ·

47 1789 119 1832 num
135 1784 169 1833 et
182 1783 391 1847 creaturam,
414 1792 485 1840 non
501 1771 656 1839 dubitare
672 1789 704 1836 te
721 1770 942 1844 crediderim.
964 1771 1034 1841 into
1050 1773 1152 1836 etium

48 1851 114 1916 satio
136 1869 169 1917 te
189 1851 309 1917 videre
330 1853 443 1920 video.
470 1857 557 1920 Nam
579 1855 800 1942 quoddixisti
824 1857 865 1918 de
888 1853 1150 1930 divinanarum,

51 1949 128 2000 extre
149 1957 253 2023 quam
274 1935 363 2002 nihil
385 1934 445 2016 est,
477 1938 527 2004 ita
547 1939 657 2004 intelli
685 1939 711 2004 'e
732 1955 772 2002 ut
793 1937 935 2004 arbitror
958 1938 1154 2004 creatricem

52 2018 175 2101 quidem
196 2035 355 2086 naturam
376 2021 465 2086 nihil
486 2031 578 2088 extro
599 2024 633 2088 ie
679 2045 775 2099 nere,
799 2022 878 2110 quia
900 2038 991 2088 extre
1009 2045 1086 2088 eum
1102 2023 1154 2086 ni·

50 2099 90 2165 hil
141 2103 222 2168 otest
253 2106 333 2180 effe3
368 2119 480 2170 totum
500 2127 584 2172 vero
608 2110 701 2193 quod
722 2105 866 2181 creavit,
900 2121 934 2170 et
955 2123 1045 2170 creat
1065 2105 1154 2170 intro

52 2126 175 2270 ieipiim
205 2189 403 2264 continere3
423 2187 482 2252 ita
515 2205 627 2254 temen
650 2205 689 2253 ut
711 2189 803 2255 aliud
823 2189 880 2264 fit,
912 2188 983 2273 ipsa
1028 2189 1083 2252 uie
1104 2191 1154 2253 su·

50 2267 278 2351 peroffent'ialie
301 2271 344 2334 est
366 2287 400 2335 et
421 2271 514 2337 aliud
536 2277 628 2359 quod
649 2273 687 2339 in
702 2274 735 2338 se
750 2271 894 2345 creavit,
916 2213 1154 2357 numieipium

52 2371 149 2416 creare
168 2375 242 2419 non
266 2353 329 2418 tibi
350 2355 528 2420 verifimile
549 2356 695 2422 videtur.
721 2361 781 2420 ·D.
813 2359 936 2420 Totam
960 2355 1155 2440 conceptio·

52 2457 117 2499 nem
138 2437 357 2525 cogitationis
378 2460 472 2502 meae
494 2442 536 2503 de
552 2444 627 2504 Deo
645 2455 679 2504 et
694 2456 843 2504 creatura
857 2438 1062 2524 perspexisti.
1084 2441 1110 2503 F
1112 2439 1154 2504 ir·

16 2549 20 2560 ·
51 2516 137 2584 miter
165 2521 259 2588 enim
296 2537 397 2608 atque
426 2521 620 2590 inconcuffe
652 2539 753 2590 teneo
774 2524 902 2586 nullam
924 2538 1078 2588 naturam
1101 2527 1154 2588 vel

55 2619 184 2670 creatam
212 2606 271 2669 vel
298 2626 369 2669 non
391 2621 552 2682 creatam,
586 2621 677 2670 extra
699 2604 877 2671 dominum
899 2607 1085 2682 subiistere‚
1121 2623 1156 2671 et

54 2686 261 2755 nullomodo
284 2689 357 2754 elie.
401 2691 514 2754 Omne
542 2711 623 2754 vero
645 2693 737 2774 quod
758 2688 897 2752 iubsrliit
917 2688 984 2753 [ive
1006 2705 1155 2754 creatum

53 2767 109 2834 five
138 2792 207 2837 non
241 2771 533 2848 creatum,1intru
561 2772 573 2835 i
601 2772 671 2836 sum
708 2771 888 2837 contineri.
931 2775 980 2836 Ac
1007 2795 1068 2857 per
1089 2776 1155 2838 hoc

55 2851 147 2918 totino
177 2854 405 2920 univerlitatie
426 2795 678 2942 plenitudinem
698 2854 751 2918 hie
773 2854 881 2918 veluti
903 2858 1033 2920 duabus
1056 2854 1156 2940 parti-

53 2933 106 3000 but
125 2936 304 3012 concludi,
326 2942 394 3004 hoc
415 2937 477 3013 etr,
499 2943 574 3003 Deo
591 2953 625 3003 et
643 2953 794 3016 ereetum
808 2941 973 3003 hactenus
989 2942 1155 3002 tenebam.

55 3016 112 3081 Sed
138 3043 232 3086 nunc
262 3021 384 3086 iterum
407 3021 491 3086 fidet
513 3043 588 3087 mea
609 3021 747 3086 videtur
766 3031 887 3086 nutare
948 3019 1087 3085 aedictie
1108 3043 1156 3086 ra·

55 3097 324 3170 tioeinationibue
345 3105 523 3170 infirmato.
566 3107 615 3169 Μ.
640 3104 758 3170 Fidem
784 3120 876 3169 tuam
918 3103 1067 3168 ubilitern
1083 3106 1155 3182 effe,

53 3191 186 3284 vertpe
213 3187 348 3254 ratione
376 3187 543 3254 munitam
574 3189 636 3278 effe
656 3188 758 3253 video
780 3189 894 3252 saitem
916 3188 952 3252 in
976 3181 1042 3252 doc
1065 3205 1156 3254 extra

54 3267 217 3336 dominum
240 3271 327 3336 nihil
349 3273 412 3335 ede
433 3277 583 3338 credent.
629 3273 669 3338 D'.
689 3277 743 3350 ,lta
763 3289 803 3336 ut
826 3272 934 3347 dicis,
957 3271 1044 3337 illud
1066 3273 1158 3337 enim

54 3352 210 3445 puriffirne
233 3357 455 3441 contemplor.
497 3359 546 3422 M.
570 3355 779 3444 Diligentius
804 3355 924 3443 itaque
941 3371 975 3420 et
995 3356 1158 3443 perspiea-

56 3452 120 3529 ειμι,
141 3437 266 3504 menti·
287 3439 395 3505 aciem
418 3437 509 3504 circa
531 3463 569 3506 eu
590 3456 676 3526 quae
697 3441 786 3504 intra
808 3439 984 3504 dominum
1007 3440 1069 3503 effe
1092 3461 1159 3504 cre·
1220 3484 1223 3490 -

56 3517 100 3580 dn
128 3520 315 3588 circumfer.
358 3527 401 3588 D.
431 3529 523 3587 lutra
544 3523 723 3588 dominum
742 3523 832 3587 nihil
853 3523 944 3587 aliud
967 3523 1029 3586 etse
1050 3523 1159 3587 sentio
1227 3563 1229 3568 ·

55 3618 174 3681 praeter
193 3605 337 3694 seipsum
350 3623 393 3672 et
414 3607 455 3670 eb
479 3626 519 3671 eo
540 3607 714 3672 conditam
732 3612 931 3675 creaturam.
961 3607 997 3666 M
1003 3647 1016 3666 .
1029 3608 1068 3668 ln
1084 3609 1159 3670 Deo

57 3701 126 3772 ergo
146 3688 242 3756 video
264 3693 357 3776 quod
376 3695 470 3761 Deus
492 3709 564 3756 non
587 3689 641 3753 est.
683 3693 727 3754 D.
761 3689 868 3755 Video
890 3711 931 3752 ex
952 3686 1092 3753 domino
1114 3702 1160 3752 tt·

55 3786 124 3838 meu
143 3789 303 3842 ereetum.
345 3776 393 3840 M.
426 3771 521 3860 Quid
541 3773 656 3859 itaque
678 3771 743 3838 tibi
763 3771 925 3838 videtur?
961 3793 1045 3835 num
1067 3775 1160 3836 Dour

57 3853 162 3920 omnia
181 3878 268 3944 quoe
289 3857 391 3933 iecit,
415 3873 596 3944 antequam
611 3855 734 3921 fierent
747 3853 860 3920 vidit?
881 3859 925 3919 D.
940 3857 1030 3919 Eum
1044 3854 1160 3920 vidisse

58 3936 161 4006 omnin
193 3961 279 4028 quae
312 3939 426 4010 voluit
445 3941 557 4011 tacere
577 3938 775 4039 priusquam
795 3938 917 4006 fierent
938 3937 1158 4006 existimarim.

58 4015 102 4081 M·
122 4023 169 4088 Eu
185 4045 265 4122 ergo
278 4024 367 4093 vidit
380 4047 467 4113 quae
482 4025 592 4092 iecere
605 4026 736 4100 voluit,
759 4036 794 4087 et
807 4045 878 4090 uon
892 4023 957 4088 alia
970 4019 1070 4098 vidit,
1099 4022 1159 4087 nifi
1270 4074 1276 4080 .

62 4107 276 4188 “quacient
284 4125 318 4174 et
326 4131 365 4176 eu
373 4132 458 4197 quae
466 4108 549 4175 fecit
558 4106 755 4196 priusquam
765 4107 889 4172 iceerrn
898 4105 994 4172 vidit
1005 4109 1106 4170 D.Ite
1115 4121 1159 4169 te·

62 4203 131 4262 neo,
144 4191 484 4282 M.Dicquueioquue
496 4192 635 4260 [untilla
643 4214 729 4279 quae
737 4191 1033 4279 Deuepriurquurn
1042 4189 1160 4280 fierent
