2930 4982
495 213 619 285 niter·
639 216 803 298 butam
1091 286 1095 295 ,
1135 215 1234 290 toti

93 397 256 484 impietas
288 399 415 494 absque
434 395 604 464 idolorum
625 399 730 466 cultu.
780 388 1059 496 Quamviaetiim
1079 397 1116 464 in
1140 419 1213 486 per-

96 481 199 548 versis
232 479 467 563 voluntatibus
502 483 655 568 perverse
692 481 814 570 agendi
850 495 1020 568 appetitus
1050 487 1214 569 ardorque

96 566 230 651 semper
250 561 490 652 permanserit,
513 563 674 652 quoniam
696 569 789 653 quod
807 563 988 712 appetitur,
1010 565 1127 652 perfici
1143 588 1233 630 non

94 647 237 722 finitur,
275 663 310 710 et
338 647 375 712 in
405 648 500 712 nullo
531 647 591 712 nisi
623 649 659 712 in
681 647 856 734 semetipa
877 651 1011 713 flamma
1032 651 1215 715 malevolae

95 729 299 817 cupiditatis
327 733 438 804 ardet3
478 729 561 816 quid
590 731 683 798 aliud
708 732 912 818 relinquitur
932 731 994 796 riisi
1014 731 1142 798 soe'tida
1165 753 1216 818 qa-

90 819 237 888 davera,
277 813 372 880 omni
390 811 486 878 vitali
506 830 624 889 motu,
664 819 731 882 boc
752 817 795 880 est
816 815 911 882 omni
931 815 1135 892 naturalium
1160 817 1216 884 bo·

97 911 223 963 norum
244 895 371 960 virtute
392 912 492 983 atque
515 897 872 985 substantia'privata?
906 900 951 962 Et
972 897 1113 964 sortallis
1136 901 1215 962 talea
1310 891 1321 906 i

94 982 177 1045 sunt
206 978 385 1066 gravissimi
415 979 582 1046 cruciatus
612 983 776 1048 malorum
809 981 988 1047 hominum
1019 997 1052 1046 et
1082 984 1214 1080 angelo·

96 1069 193 1136 ruin',
216 1078 250 1126 et
270 1079 350 1128 ante
369 1061 535 1143 judicium
556 1065 731 1142 futurum,
754 1082 788 1130 et
806 1065 887 1150 poll,
903 1063 1141 1129 malefaciendi
1150 1087 1213 1138 ,cu-

96 1145 244 1234 piditas,
277 1162 312 1210 et
336 1146 535 1231 perficiendi
564 1148 752 1214 difficultas.
810 1149 913 1233 Quod
942 1163 1054 1212 autern
1084 1147 1214 1212 nonin

95 1229 260 1296 localibus
299 1228 413 1326 spatiis
453 1231 689 1297 carnalibusve
725 1231 912 1298 carceribus
952 1230 1105 1296 diabolus
1136 1251 1213 1296 cum

96 1309 257 1380 membris
280 1313 347 1387 suia
368 1313 548 1398 punietur,
573 1315 628 1379 sed
650 1339 739 1380 unus
764 1314 884 1400 uisque
903 1314 992 1378 intra
1015 1315 1091 1378 suae
1107 1316 1214 1380 malae

97 1395 284 1462 voluntatis
305 1396 467 1462 terminos
488 1418 616 1485 poenas
638 1401 728 1473 luet;
783 1413 875 1462 eatur
895 1399 1084 1462 Ambrosius
1101 1396 1136 1459 in
1151 1400 1214 1460 Ex·

95 1477 264 1568 politione
284 1477 322 1542 in
346 1483 474 1546 Lucam·
495 1480 667 1546 manifeste
683 1484 848 1556 declarat,
870 1479 968 1546 illuni
982 1482 1215 1546 locurnEvan·
1308 1535 1311 1542 .

100 1561 181 1650 gelii
204 1584 396 1648 exponens;
426 1564 785 1638 ,.T011eturmanibnr
807 1564 1005 1650 etpedibus
1026 1563 1158 1648 ligatis,
1182 1577 1217 1626 et

97 1644 226 1714 mittite
253 1645 291 1710 in
325 1648 478 1712 tenebras
513 1647 712 1724 exteriores,
747 1648 819 1712 illie
840 1647 904 1712 erit
925 1649 1023 1712 fletus
1045 1661 1079 1710 et
1099 1644 1217 1710 stridor

99 1728 265 1794 dentium.
311 1732 407 1814 Quae
438 1732 516 1794 sunt
538 1733 694 1798 tenebrae
717 1729 923 1796 exteriores?
957 1728 1121 1815 Nunquid
1142 1729 1214 1794 illic
1274 1725 1314 1754 '⁴

98 1833 235 1899 quoque
262 1835 374 1878 carcer
405 1813 776 1902 aliquislatumiaeque
797 1805 992 1879 subeundae
1013 1812 1115 1876 sunt?
1150 1812 1215 1876 Mi·

99 1896 203 1962 nime.
246 1897 313 1962 Sed
346 1917 568 1983 quaecunque
602 1915 693 1966 extra
725 1897 881 1984 promissa
913 1898 993 1964 sunt
1022 1895 1212 1960 coelestium

98 1982 356 2052 mandatorum,
379 1979 415 2046 in
440 1981 587 2046 tenebris
611 1981 832 2047 exterioribus
845 1981 941 2054 sunt;
965 1980 1043 2066 quia
1057 1981 1214 2044 mandata

97 2061 165 2128 Dei
184 2063 301 2128 lumen
325 2065 420 2130 lunt:
455 2081 489 2129 et
510 2064 706 2163 quicunque
727 2066 795 2129 fine
818 2063 947 2128 Christo
971 2063 1033 2137 est,
1063 2063 1099 2126 in
1123 2077 1213 2125 tene·
1307 2049 1339 2082 ’Δ

97 2145 166 2212 bria
198 2147 261 2222 est;
293 2146 372 2234 quia
400 2149 516 2214 lumen
548 2149 690 2216 interius
724 2147 873 2214 Christus
897 2147 949 2212 ell.
992 2148 1082 2243 Ergo
1104 2166 1215 2230 neque

98 2230 324 2316 corporalium
355 2231 472 2295 stridor
493 2230 612 2317 aliquis
635 2231 808 2305 dentium,
845 2251 956 2317 neque
971 2227 1070 2314 ignis
1093 2227 1214 2313 aliquis

99 2329 284 2399 perpetuus
311 2316 520 2378 flammarum
551 2316 594 2377 est
616 2315 860 2399 corporalium,
893 2334 1004 2397 neque
1024 2311 1149 2404 vermis
1171 2311 1215 2374 est

99 2418 157 2462 cor
183 2396 318 2480 oralis;¹
338 2398 395 2460 sed
415 2401 499 2466 haec
512 2396 614 2470 ideo,
652 2397 730 2483 quia
753 2398 835 2460 sicut
860 2417 899 2458 ex
920 2397 1027 2458 multa
1047 2393 1214 2458 cruditate

99 2495 135 2543 et
159 2421 272 2544 lebres
302 2496 488 2544 naseuntur
516 2496 550 2543 et
584 2502 733 2555 vermes;
766 2478 812 2541 ita
833 2477 933 2563 siquis
954 2497 1024 2540 non
1049 2481 1214 2558 decoquat

98 2579 237 2650 peccata
259 2563 333 2634 sua.
358 2565 453 2626 velut
475 2565 616 2648 quadam
640 2562 834 2647 interposita
854 2559 1032 2624 sobrietate
1052 2556 1213 2622 abstinen·
1300 2601 1302 2608 ·

100 2645 185 2722 tiae,
207 2645 264 2709 sed
286 2645 459 2710 miscendo
482 2663 618 2731 peccata
640 2643 805 2730 peccatis,
830 2659 989 2729 tanquam
1012 2639 1212 2705 cruditatem

100 2732 269 2815 quandam
296 2728 467 2793 contrahit
489 2744 641 2793 veterum
665 2743 698 2792 et
719 2725 908 2792 recentium
930 2725 1144 2802 delictorum,
1165 2723 1215 2808 ig·
1309 2793 1315 2800 ,

98 2833 145 2876 ne
166 2816 329 2876 aduretur
349 2811 507 2898 proprie,
532 2827 566 2876 et
589 2811 655 2875 suis
680 2810 852 2875 vermibus
874 2808 1100 2873 consumetur.
1146 2809 1213 2869 Un-

99 2899 142 2960 de
166 2912 199 2960 et
221 2895 316 2960 lsaies
339 2897 403 2960 ait:
426 2898 602 2959 Ambulate
624 2894 660 2958 in
683 2895 812 2958 lumine
828 2892 916 2978 ignia
933 2891 1048 2966 vestri,
1072 2907 1106 2954 et
1122 2891 1214 2954 flam·

97 2999 153 3044 ma
181 2999 281 3063 quam
315 2978 519 3044 accendistis.
578 2977 668 3064 lgnis
703 2977 746 3041 est
769 2997 868 3061 quem
891 2991 1028 3073 generat
1050 2973 1213 3040 moestitia

100 3061 325 3144 delictorum3
360 3061 484 3128 vermis
516 3062 579 3136 esi,
618 3083 657 3124 eo
686 3063 777 3146 quod
809 3056 1051 3123 irrationabilia
1081 3057 1214 3122 animae

99 3161 238 3232 peccata
260 3161 408 3224 mentem
430 3145 479 3208 rei
503 3146 699 3235 sensumque
722 3159 966 3229 compungant.
991 3157 1026 3204 et
1050 3144 1214 3226 quaedam

100 3231 247 3294 exedant
272 3227 401 3294 viscera
434 3227 684 3301 conscientiae,
715 3249 800 3313 quae
830 3243 988 3312 tanquam
1020 3245 1150 3289 vermes
1172 3244 1215 3286 ex

99 3334 309 3410 iuioquoque
349 3329 534 3376 nascuntur
573 3329 731 3394 tanquam
770 3333 809 3374 ex
846 3330 988 3397 corpore
1015 3305 1214 3392 peccatoria.
1293 3337 1296 3342 ¹

99 3399 261 3480 Demque
286 3395 328 3458 id
356 3396 525 3459 Dominus
549 3417 609 3478 per
631 3395 743 3458 lsaiam
768 3391 969 3466 declaravit,
1000 3391 1137 3457 dicensi
1168 3389 1215 3451 Et

98 3477 268 3544 videbunt
296 3481 444 3544 membra
470 3479 648 3542 hominum
679 3474 983 3564 praevaricantium
1012 3473 1049 3536 in
1070 3495 1146 3546 me,
1180 3484 1215 3534 et

97 3561 225 3626 vermis
263 3581 379 3626 eorum
408 3582 480 3625 non
509 3561 669 3636 moritur,
711 3575 745 3626 et
772 3559 862 3659 ignis
881 3579 965 3634 ,non
994 3553 1214 3642 extinguitur.

99 3644 233 3712 Stridor
254 3666 389 3730 quoque
412 3645 566 3708 dentium
587 3643 703 3730 prodit
722 3642 934 3730 indignantia
956 3637 1136 3713 affectum,
1174 3657 1215 3698 eo
1249 3704 1252 3712 ¹

97 3733 194 3828 quod
215 3729 286 3793 sero
308 3747 585 3814 unumquemque
605 3725 799 3812 poeniteat,
820 3726 891 3790 sero
902 3721 1121 3809 ingemiscat,
1142 3719 1215 3784 sero

101 3829 265 3878 irascatur
286 3811 346 3878 sibi
370 3815 462 3899 quod
484 3829 552 3876 tem
573 3809 744 3896 pervicaci
765 3808 982 3896 improbitate
1004 3803 1214 3892 deliquerit.”
1320 3839 1323 3846 v

99 3895 188 3962 Vide
216 3892 321 3982 igitur
352 3897 465 3982 qualia
491 3897 584 3972 locas
601 3909 846 3966 tormentorum
868 3890 1038 3990 praefatus
1059 3884 1237 3954 describit‘

100 3980 312 4064 Theologua.
354 3981 420 4046 Ubi
449 3983 549 4045 ludas
576 3977 765 4042 ³Salvatoris
786 3977 887 4040 nostri
908 3972 1062 4061 proditor
1083 3988 1216 4058 torque·

103 4063 186 4128 turs
217 4063 384 4149 Nunquid
412 4061 493 4128 alibi
515 4060 578 4128 uisi
598 4061 636 4128 in
660 4061 718 4127 lue
738 4063 868 4148 polluta
889 4055 1114 4132 conscientia,
1150 4072 1217 4140 qua
1268 4095 1272 4108 .

103 4144 295 4217 Dominum
318 4145 481 4214 tradidit?
506 4147 649 4232 Qualem
669 4165 816 4232 poenam
836 4139 990 4234 patitui?
1014 4143 1216 4231 Seramlpro·
