2930 4982
490 201 597 277 biset
617 204 778 294 (binoto
1038 127 1049 146 ⁸
1098 201 1181 278 589
1219 135 1224 144 ·

77 387 147 476 ipso
168 402 242 456 toto
262 387 566 465 concluderenton
588 390 741 476 proiecto
762 409 876 476 oeque
894 393 937 454 tls
953 389 1104 476 portibus
1121 411 1178 456 ue·
1223 375 1228 384 ’

77 473 300 620 biii‘aiii
318 468 1179 643 132²?rlffllib‘iifilltilsssss,‘bilbilis

75 653 183 726 partes
215 659 383 736 omneque
414 653 523 704 totum
551 639 775 704 universitatis
807 639 964 704 conditae
985 639 1108 718 mentis
1133 639 1182 704 vi·
1291 697 1294 710 .

100 743 155 786 ore
176 742 215 788 sc
260 738 384 786 raritate
404 722 573 810 superares
590 713 681 796 'sicut
697 721 746 788 ait
767 723 958 809 Apollolus.
984 721 1181 814 spiritualis

116 828 165 870 mo
192 808 199 823 ⁹
220 745 315 878 iicet
333 809 462 881 omnm,
485 799 555 906 ipse
575 821 685 872 atatem
706 829 728 870 tt
748 811 873 872 nemine
884 809 1070 895 judicatur.
1113 808 1180 872 snt

77 831 232 974 quorstim
262 888 411 958 ascendit
444 888 621 977 spiritualis
643 890 702 956 ille
721 894 843 964 bomo.
860 889 936 978 .qui
960 895 1001 956 da
1023 888 1182 954 omnibus

73 972 216 1069 jutlicat,
249 987 284 1036 et
317 975 358 1037 de
403 995 448 1038 uo
470 996 569 1040 tremo
590 974 739 1054 judicare
759 975 883 1061 potest.
918 974 979 1039 nist
1001 972 1071 1060 ipse
1092 972 1180 1038 solut

22 1103 24 1110 .
74 1076 131 1142 qut
164 1055 244 1120 fecit
275 1055 388 1122 omnia
447 1060 485 1120 In
512 1056 621 1145 ipsum
649 1057 763 1144 itaque
786 1062 895 1140 Deum
918 1056 1086 1132 ascendit,
1122 1055 1181 1141 qui

75 1137 322 1238 uniuersitatem
345 1156 512 1206 creaturae
535 1141 628 1214 timul
652 1158 786 1207 contem
813 1142 917 1232 latur,
950 1157 985 1205 ct
1007 1139 1181 1236 discernit.

74 1223 330 1366 etsdtludpcatp
349 1242 460 1310 nsque
491 1231 560 1306 ejus
590 1225 753 1324 judicium
784 1166 929 1323 iillum,
962 1222 1122 1323 quoniam
1143 1244 1180 1286 to

72 1321 520 1484 {tstltlt‘tnttttf‘
539 1310 673 1472 llll:
692 1307 1181 1479 lstrltll‘altttlettll

75 1486 177 1536 nonis
213 1471 393 1557 spiritualis
421 1477 524 1540 homo
552 1474 590 1541 in
620 1476 731 1542 causas
754 1497 866 1542 rerunt
889 1480 930 1540 ds
953 1475 1075 1622 puibus
1096 1471 1180 1553 judi·
1267 1529 1276 1558 „
1396 1497 1406 1524 ι

74 1569 142 1626 cat.
165 1553 281 1626 intrat.
320 1559 397 1622 Non
422 1559 514 1624 enim
534 1563 626 1638 juxte
649 1557 827 1624 exteriores
849 1560 965 1630 sensrbt
981 1558 1051 1627 ium
1072 1577 1184 1628 rerum

68 1629 197 1724 specics
228 1639 406 1717 discernit,
442 1643 554 1706 omnia
583 1665 699 1710 verum
729 1647 830 1722 juxta·
855 1643 1032 1709 interiores
1068 1661 1182 1704 earum
1301 1685 1305 1690 -
1350 1703 1354 1718 „

69 1720 237 1798 rationes,
283 1738 317 1788 et
344 1723 637 1792 incommutabiles
670 1726 879 1802 occasiones,
911 1723 1183 1812 principaliaque

73 1807 229 1903 exempla·
245 1804 280 1870 in
304 1808 426 1954 spuibus
448 1810 561 1875 omnia
584 1809 679 1874 fimul
700 1812 795 1883 sunt.
819 1825 853 1877 et
871 1809 1091 1894 urtumflsunt.
1133 1802 1184 1869 lbi

72 1910 152 1974 ergo
181 1890 361 1974 spiritttais
392 1895 495 1968 homo
523 1891 653 1972 judicat
683 1891 815 1968 omnia.
853 1891 911 1964 ubi
940 1891 1055 1957 omnia
1076 1911 1184 1958 uuum

69 1971 165 2046 sunt.
202 1988 234 2038 et
263 1995 342 2040 vere
373 1992 407 2042 et
436 1975 691 2044 immutabiliter
723 1975 847 2042 vivunt
869 1992 903 2040 et
924 1976 1114 2049 subfittunt.
1148 1985 1183 2037 et

70 2076 138 2142 quo
162 2057 276 2131 omnia
298 2080 383 2146 quse
403 2059 677 2148 primordialibus
700 2059 770 2123 suis
788 2060 890 2126 causis
912 2063 1063 2145 prosecta
1093 2056 1181 2130 sunt,

69 2140 239 2206 reversura
262 2143 357 2216 sunt.
379 2161 415 2208 et
460 2165 578 2209 uorum
603 2143 689 2208 nihil
712 2160 801 2208 extra
824 2144 1034 2228 relinquetur
1057 2156 1183 2226 tempo-

68 2224 194 2288 ralibus
223 2167 506 2312 mutabilitatibus
536 2228 742 2306 subiectum.
778 2227 833 2292 seu
855 2228 1020 2294 localibus
1043 2223 1182 2290 circum·
1250 2225 1252 2233 '

67 2305 307 2392 scriptionibus
330 2310 516 2394 inclusum,
564 2314 677 2375 nando
700 2310 905 2376 universitati
928 2325 1067 2374 naturae
1088 2307 1183 2392 super

68 2389 185 2454 othnie
206 2393 327 2456 localis
349 2409 383 2458 et
405 2333 600 2479 temporiiia
624 2393 728 2479 spatia
750 2393 785 2456 in
809 2393 921 2460 causas
944 2392 1036 2465 sues,
1062 2388 1182 2474 inqui·

67 2476 131 2538 bus
160 2476 277 2548 omnia
309 2497 415 2540 unum
447 2476 523 2548 suist
547 2476 645 2540 finito
667 2475 809 2540 senfibili
830 2480 960 2540 mundo
983 2487 1181 2538 revertetur.

65 2558 155 2620 Nam
188 2573 223 2632 et
252 2557 263 2622 i
292 2558 323 2622 ss
355 2561 429 2624 loca
458 2575 492 2622 et
515 2575 665 2644 tempora
686 2581 763 2624 curn
786 2559 944 2623 omnibus
967 2577 1052 2643 quae
1076 2554 1112 2618 in
1136 2554 1185 2620 eit

68 2642 190 2714 adhuc,
205 2640 242 2706 in
264 2581 329 2708 bac
349 2641 418 2706 vita
443 2640 644 2706 ordinantur
665 2657 700 2706 et
720 2656 958 2714 moventurct
973 2636 1184 2704 circumscri-

31 2783 33 2788 .
65 2725 217 2799 buntur,
241 2722 287 2788 in.
300 2726 373 2789 suas
395 2741 546 2790 aeternas
566 2725 715 2791 rationes
737 2724 845 2790 redire
866 2724 995 2788 necesse
1016 2722 1081 2795 esi.
1103 2741 1184 2807 quas

65 2805 218 2896 rationes
241 2823 391 2894 tempora
414 2824 547 2872 aeterna
570 2809 684 2874 divina
706 2823 806 2884 vocat
826 2807 971 2873 bisloria.
1002 2807 1184 2890 Quomodo

66 2889 162 2954 enim
191 2895 416 2956 remanebunt
445 2907 596 2978 tempora
634 2889 809 2966 secularia,
839 2894 974 2977 quando
1005 2888 1091 2953 nihil
1114 2888 1187 2954 erit

67 2977 276 3058 temporales
300 2979 472 3061 quomodo
494 2977 589 3050 locs,
613 2975 672 3040 ubi
693 2975 779 3039 nibil
804 2973 935 3049 locale?
972 2975 1016 3038 Et
1036 2977 1120 3037 haec
1141 2971 1185 3035 eli
1231 2969 1237 2978 “

62 3055 156 3122 ratio
179 3079 263 3143 quae
284 3060 416 3124 nullum
435 3061 549 3124 locum
573 3057 758 3124 sensibilem
786 3075 820 3122 et
841 3059 1048 3144 corporalem
1069 3056 1104 3120 in
1127 3075 1183 3120 na·

66 3140 436 3212 turnareruminserno
458 3142 651 3228 permittit.‘
671 3163 841 3227 vanasque
864 3140 1045 3226 opiniones
1069 3160 1183 3203 sorum

63 3221 225 3297 destruit,
279 3223 316 3287 ui
344 3224 516 3289 infernum
547 3227 600 3288 vel
633 3225 690 3287 sub
725 3225 841 3296 terris.
871 3227 923 3286 vel
964 3239 1126 3286 terrarum
1148 3219 1184 3284 in
1228 3265 1233 3272 ·
1283 3251 1285 3256 ·

63 3307 198 3392 gremio
234 3245 407 3372 sailscibus
427 3306 495 3371 suis
516 3304 782 3392 cogitationibus
804 3320 998 3380 autumant,
1030 3305 1185 3392 ignoren-

62 3406 119 3454 εει
137 3391 233 3534 puod
255 3389 325 3475 ipsa
348 3406 433 3454 terre
455 3389 572 3456 subtus
596 3411 695 3487 quant
716 3390 771 3453 vel
786 3388 874 3454 intra
891 3411 991 3476 quom
1011 3387 1184 3454 infernum

61 3493 134 3538 con
162 3472 298 3546 ituunt.
356 3474 467 3538 enitus
489 3474 528 3537 sit
549 3488 707 3559 peritura.
750 3471 919 3538 stantem
943 3488 1028 3536 tarra
1049 3467 1183 3557 peribit,

61 3555 224 3643 profecto
255 3496 431 3626 nimitas
453 3555 523 3643 ipsa
547 3573 582 3621 et
604 3556 640 3620 in
662 3555 732 3642 ipsa
754 3558 846 3642 quod
869 3553 995 3620 inferni
1016 3551 1184 3618 vocabulo

62 3638 212 3723 dignum
242 3639 302 3713 stt.
330 3639 415 3705 telin
441 3655 559 3717 uetur;
587 3661 627 3707 sc
654 3661 714 3725 per
743 3642 810 3704 hoc
844 3639 959 3704 nullus
981 3637 1076 3701 locus
1098 3635 1187 3700 intra

62 3721 256 3788 seussbilem
278 3662 554 3812 corporaiemqus
575 3739 761 3788 creaturam
782 3720 918 3790 insarno
935 3721 1050 3794 datur,
1077 3735 1187 3803 neque

63 3819 208 3870 aeterno
229 3805 303 3894 igni
323 3807 361 3872 in
383 3826 451 3895 qus
467 3804 566 3892 impii
575 3809 769 3905 'ardebunn
790 3827 903 3894 nequa
914 3801 1084 3868 vermibus
1101 3821 1186 3866 nun·

92 3908 174 3952 uam
195 3889 380 3959 morituris.
412 3891 507 3954 Haec
528 3911 619 3956 enim
643 3889 758 3957 omnis
780 3902 1025 3956 tormentorum
1047 3882 1187 3950 nomina

8 3997 15 4030 t
62 3911 216 4056 igunae
235 3966 273 4040 iu
296 3973 409 4045 sancta
429 3970 592 4059 scriptura
638 3973 718 4038 ofita
738 3971 845 4038 sunt·
872 3971 997 4036 Sancto
1017 3965 1189 4034 Ambrosio

63 4051 284 4150 attenuata„
303 4055 505 4142 Graecisque
533 3995 708 4126 vocabuli·
746 4072 831 4142 quse
860 4048 1187 4150 (utprseduiximus)

65 4133 252 4224 sxpreffist
273 4137 460 4212 tusormsnt
478 4137 572 4225 ottod
593 4135 710 4208 divina
731 4135 902 4226 Scriptura
923 4133 1050 4202 roseros
1080 4153 1188 4203 noma·
1290 4193 1292 4198 ,
