2930 4982
418 139 927 280 ,'casa·oarnur.-'
1122 195 1207 290 aer
1321 308 1323 317 Ι

94 395 130 447 02
146 343 358 466 ’βψ-«αι.
378 372 513 459 assato
541 383 712 450 utrum
722 377 900 474 secutast
908 379 1059 472 franssa
1079 393 1140 446 sm
1161 380 1206 448 η,

91 489 161 537 me.
191 455 385 553 confortato
414 463 481 557 est,
519 480 554 530 et
572 489 637 534 saon
653 481 771 549 potero
790 465 838 532 ad
858 483 939 532 eam.
984 467 1202 558 Quemadmo'·
1313 525 1315 532 ,

94 550 173 613 duro
192 555 294 614 etiarn
315 551 466 615 Dicimur
486 552 605 616 Paulus
624 553 737 616 Deum
755 547 942 644 cognoviffe
961 552 1103 628 dicitur,
1125 573 1200 634 eog-

86 654 224 699 noscenr
250 633 341 698 illum
361 627 469 724 super
508 656 634 702 omnem
655 635 909 718 intelligentiam
930 637 1203 716 recognitionem

87 713 307 802 existentem.-
338 733 477 799 propter
505 719 592 804 quod
615 733 654 784 et
684 719 933 807 investigabites
954 714 1018 810 effe
1037 721 1114 782 otas
1133 721 1203 806 ejus

85 803 161 872 triti
183 813 218 862 et
238 800 464 888 itffmttabilia
476 803 611 892 judicie
631 803 717 890 ejus,
738 818 773 870 et
795 804 1031 868 menarrabiles
1047 803 1201 870 donatio·

84 907 149 954 nes
172 885 261 974 ejus,
282 896 319 947 et
337 907 453 966 pacem
474 889 543 976 ejus
552 880 767 980 superantem
788 911 912 954 omnem
932 881 1201 975 intellectrsm,fic

87 971 259 1040 inaniens
288 991 361 1032 eum
377 962 486 1071 [πρίν
509 975 641 1046 amnia,
670 985 705 1036 et
732 975 794 1040 hoe
809 967 918 1066 super
946 971 1202 1052 intelligentiam
1288 1041 1290 1044 ,

86 1073 304 1144 cognoscens,
326 1074 407 1150 quse
418 1048 528 1148 supra
545 1059 658 1122 omnia
679 1055 748 1148 est,
787 1060 929 1120 omnium
958 1047 1101 1202 carpatis
1130 1056 1199 1118 exi·

78 1133 190 1228 stent.
222 1137 315 1200 Idem
336 1156 374 1200 ιη
398 1135 532 1222 epistola
547 1143 587 1204 ad
602 1139 725 1206 Gaium
737 1141 962 1206 Monachum:
985 1185 1008 1218 „
1045 1138 1198 1212 tnebrae,

88 1221 215 1304 sequte,
247 1217 384 1304 quidem
415 1221 746 1290 concursatorem
776 1221 923 1298 lumine,
960 1239 995 1290 et
1022 1219 1129 1307 magis
1160 1217 1199 1284 iu

84 1303 196 1368 multo
216 1299 357 1368 lumine.
399 1303 627 1390 Ignorantiam
649 1308 823 1373 occultant
842 1305 1012 1380 scientiae,
1036 1320 1070 1368 et
1090 1301 1197 1388 magis

87 1387 216 1452 multae
243 1383 413 1452 scientiae.
466 1390 559 1454 Haec
588 1387 680 1454 enim
708 1389 1016 1476 supereminenter,
1049 1388 1198 1452 sednon

85 1469 273 1534 secundum
287 1468 516 1553 privationem
534 1470 721 1570 accipiens‚·
744 1472 885 1537 enuntia
897 1473 1098 1558 supervere,
1120 1467 1200 1555 quia

84 1553 187 1626 latet,
224 1550 326 1615 etiam
361 1553 421 1639 qui
450 1556 576 1619 habent
603 1554 941 1640 rncomprebenfibile
971 1558 1105 1625 lumen.
1139 1573 1198 1616 ne·

84 1633 199 1700 [ciunt
243 1633 302 1698 uid
323 1635 363 1699 fit
383 1639 477 1722 quod
497 1639 641 1712 habent,
664 1639 802 1704 testante
821 1637 1048 1724 Evangellstat
1077 1637 1122 1699 Et
1140 1635 1227 1697 lux‘
1266 1668 1271 1674 ·

85 1715 126 1782 in
146 1655 295 1782 teueirris
316 1719 432 1794 lucet,-
451 1735 486 1784 et
507 1721 664 1786 tenebrae
680 1742 753 1786 eam
770 1743 840 1786 non
857 1722 1198 1808 comprehenderunt

83 1804 236 1886 Ideoque
266 1799 421 1866 divinum
443 1805 559 1869 lumen
581 1807 795 1869 tenebrarum
815 1807 1000 1878 vocabulo,
1036 1800 1198 1890 quoniam
1261 1828 1264 1846 ε

87 1883 429 1970 incomprehenfibile
457 1887 520 1962 est,
561 1887 741 1954 vocitatur.
798 1887 961 1952 Similiter
988 1902 1022 1952 et
1052 1881 1198 1972 gnostica

84 1967 195 2031 virtus
225 1969 530 2054 contemplantium
557 1968 662 2046 illud,
698 1970 859 2057 quoniam
891 1973 931 2035 ab
956 1991 995 2035 eo
1015 1964 1197 2055 repercuti·
1262 1993 1265 2008 ·

83 2067 160 2125 tur,
192 2052 574 2118 tenebrarummomine
601 2055 759 2142 frequent
789 2055 995 2141 appellatu13
1030 2051 1109 2138 quia
1141 2052 1197 2113 ha·

86 2136 207 2198 beuter
238 2135 356 2198 lumen
385 2151 418 2200 et
446 2159 557 2200 rerum
579 2137 752 2202 scientiam
773 2139 855 2202 latet
876 2137 1059 2219 secundum
1083 2130 1198 2216 Domi-

84 2239 172 2282 num
200 2215 411 2302 ignorantia:
443 2237 477 2284 et
498 2221 721 2306 superpositae
742 2222 843 2306 ipfius
866 2223 1022 2286 tenebrae
1043 2219 1198 2281 velantur

84 2303 128 2366 ab
159 2299 253 2364 omni
281 2300 427 2376 lumine,
455 2319 493 2366 ct
522 2307 736 2370 abscondunt
769 2325 906 2370 omnem
926 2299 1113 2368 scientiam.
1153 2301 1198 2362 Et

84 2383 187 2470 siquis
209 2382 329 2450 videns
352 2384 555 2456 Dominum,
579 2387 746 2451 intellexit
765 2391 857 2474 quod
872 2385 976 2460 vidit;
999 2407 1071 2450 non
1086 2383 1196 2469 ipsum

84 2469 334 2552 contemplatus
356 2469 420 2542 est,
454 2470 511 2532 led
533 2471 615 2552 quid
637 2493 753 2534 eorum
774 2474 815 2534 ab
837 2470 908 2554 ipio
931 2467 1142 2532 existentium
1164 2479 1198 2530 et

84 2549 326 2636 cognitorum
356 2550 427 2638 iple
454 2567 566 2617 autem
595 2552 692 2638 super
722 2552 873 2617 animum
904 2567 939 2614 et
965 2552 1065 2636 super
1097 2549 1197 2614 effen·
1290 2569 1292 2572 ·

85 2633 171 2698 tiam
193 2634 395 2707 collocatus,
433 2633 664 2701 universaliter
685 2657 755 2700 non
778 2633 995 2720 cognoscitur
1016 2652 1128 2718 neque
1149 2629 1197 2692 vi·
1269 2635 1272 2643 ⁴

9 2767 10 2772 1
87 2719 204 2791 detur,
235 2717 290 2779 [ed
313 2716 356 2779 est
378 2718 413 2780 lu
440 2717 688 2784 erellentialiter
710 2735 747 2781 et
764 2718 798 2781 lu
827 2740 863 2781 er
883 2717 1035 2781 animum
1057 2733 1196 2800 cognos-

85 2798 186 2864 citur.
227 2801 273 2862 Et
300 2799 371 2885 ipsa
403 2743 587 2866 licundum
621 2806 713 2888 quod
740 2743 862 2865 melius
891 2801 934 2863 est
961 2795 1196 2886 perfectiffima
1253 2881 1256 2888 ι

82 2865 299 2968 ignorandi,
334 2881 475 2948 scientia
509 2884 552 2947 cst
574 2889 645 2964 ejus
666 2885 763 2970 super
784 2881 899 2950 omnia
921 2881 1090 2968 cognita.”
1131 2881 1195 2942 Ne·

54 3019 59 3026 .
84 2987 153 3052 que
173 2969 240 3030 hoc
261 2963 469 3052 Evangelista
490 2967 726 3054 praetermisit,
754 2969 886 3032 dicens:
909 2967 1089 3030 Dominum
1103 2985 1196 3026 nemo

80 3051 175 3114 vidit
195 3059 346 3134 unquam.
389 3052 491 3114 litut
512 3051 558 3114 ait
579 3053 786 3116 Ambrofiust
820 3055 916 3116 Sicut
933 3071 1096 3134 uunquam
1115 3043 1193 3134 aufi-

81 3135 163 3198 bitis
180 3125 280 3232 suin
308 3138 360 3198 ita
386 3157 546 3219 sutsrquam
565 3133 706 3219 oifibilis
727 3140 801 3200 erit.
842 3138 887 3197 Er
908 3133 1033 3221 quodi
1060 3132 1091 3195 sa
1112 3129 1195 3194 veri-

84 3234 138 3280 tas
160 3217 263 3284 dreit:
294 3221 400 3282 Nemo
422 3223 517 3282 uouit
537 3223 666 3282 Putrem
689 3216 751 3308 nist
774 3220 894 3291 Elius,
914 3241 974 3282 nec
995 3157 1111 3281 Fiiium
1131 3210 1193 3363 up'fi

81 3305 195 3364 Pater.
239 3303 307 3365 Sed
328 3318 439 3364 utrum
464 3303 528 3365 Dei
550 3302 644 3367 verbi
665 3301 877 3375 humanitas,
900 3302 984 3366 ficut
1004 3317 1039 3364 et
1059 3305 1130 3380 ejus
1169 3297 1194 3360 i·

84 3383 230 3458 vinitss,
262 3383 608 3471 incomprehensibilis
640 3386 684 3450 est
705 3387 797 3450 omni
822 3401 1011 3457 creaturae,
1045 3405 1194 3450 omnem·

83 3489 154 3554 qne
191 3470 324 3553 superat
352 3467 588 3543 intellectum,
628 3469 800 3554 polluam
826 3468 863 3532 in
896 3469 1067 3532 Deitatem
1098 3463 1195 3529 verbi
1236 3479 1239 3487 '

81 3552 246 3638 allumpta
269 3551 330 3625 est,
353 3550 488 3649 unaque
510 3572 586 3616 cunr
608 3553 677 3637 ipsa
700 3493 876 3616 iubilantia
896 3551 985 3616 facta
1007 3553 1131 3634 absque
1144 3549 1194 3610 ul·

84 3639 119 3700 la
150 3633 346 3705 corriufione
375 3651 550 3720 utriusque
579 3637 737 3711 natutae,
775 3633 910 3700 divinae
931 3633 1060 3698 scilicet
1079 3647 1114 3698 et
1134 3633 1195 3694 hu·

82 3739 224 3792 manae,
254 3739 294 3781 ex
346 3718 446 3783 uibus
474 3741 565 3782 unus
596 3719 742 3784 Christus
775 3718 944 3783 Dominus
965 3717 1074 3781 noller
1094 3729 1195 3799 atque

83 3802 229 3866 salvator
247 3739 397 3866 coniers
419 3801 567 3866 creditur
588 3819 622 3864 et
641 3801 844 3888 intelligitur
865 3804 905 3865 ab
927 3800 980 3863 his
1002 3797 1061 3886 qui
1083 3801 1194 3872 ortho-

83 3889 194 3951 doxae
216 3883 297 3948 fidei
321 3884 504 3971 participes
527 3887 623 3960 iuntt
647 3908 689 3949 an
710 3885 800 3949 intra
821 3882 983 3950 terminos
1003 3881 1194 3947 universita-

85 3968 131 4032 tis
166 3967 324 4034 conditae
355 3966 549 4034 rationabili
577 3985 610 4034 et
633 3965 841 4054 intelligibili
861 3982 1001 4030 naturae
1022 3964 1195 4052 cognosci·

82 4051 164 4118 bilis
186 4051 488 4128 circumscribitur,
509 4056 577 4120 hoc
601 4053 655 4128 eli,
677 4049 766 4116 intra
786 4072 944 4116 numeros
955 4049 1013 4148 qui
1036 4048 1196 4136 cognosci

84 4135 225 4223 poliunt
252 4135 442 4222 detinetur3
472 4135 706 4226 unusquisque
732 4149 836 4223 prout
860 4135 935 4203 vult
955 4139 1045 4200 luam
1067 4133 1198 4200 lenten-
