2856 4978
223 247 365 326 „848
513 235 516 244 ’
614 241 1070 316 DevotumaNacaraa.

124 437 130 448 “
234 469 239 478 ,
288 417 534 506 lubfistentem,
564 427 660 495 aliter
690 427 728 494 in
749 427 925 495 effectibus
946 425 1151 492 intellectam
1169 443 1259 492 mena
1278 401 1372 514 specu·

286 519 390 582 latur:
423 512 495 580 illic
522 513 614 578 enim
636 514 768 600 superat
789 532 925 577 ornnem
946 510 1174 588 intellectum,
1208 507 1263 574 bic
1279 525 1371 576 anteri

288 619 330 664 ex
359 595 414 661 bie
441 591 528 684 qliae
558 596 646 662 circa
669 615 741 661 eam
763 595 1013 661 considerantur
1035 595 1098 658 elle
1118 593 1370 658 solummodoin·

234 727 237 731 -
287 679 468 766 colligitur:
509 679 546 744 in
567 680 723 767 utrisque
743 699 823 746 vero
846 676 930 765 quid
951 677 992 742 sit
1009 676 1097 742 nulli
1120 691 1228 741 creato
1247 675 1373 740 intellec»

190 807 198 823 ,
243 773 249 784 ·
286 762 340 828 tui
361 764 454 828 nolle
472 762 562 828 licet.
595 767 679 828 Nam
701 764 725 829 fi
746 761 842 829 nosci
864 761 991 860 potest,
1014 782 1085 825 non
1107 759 1293 824 omnimodo
1304 779 1372 822 crea·

288 845 372 912 toria
395 846 445 909 lui
466 846 650 933 imaginem
671 845 707 911 in
730 847 762 910 le
784 859 1003 926 exprimeret,
1037 843 1095 931 qui
1118 864 1157 906 eii
1179 842 1229 906 hit
1250 861 1369 928 quornm

287 927 515 1016 principium,
539 947 572 993 et
596 931 714 1006 caula,
738 945 772 994 et
792 927 950 996 conditor
972 927 1015 990 est
1037 927 1248 1012 cognoscitur
1263 941 1371 988 tantuna

289 1014 371 1086 ciret
394 1011 476 1099 quid
501 1029 613 1079 autem
634 1007 673 1078 iit
695 1033 831 1078 omnem
852 1012 1062 1080 intellectum
1085 1009 1212 1097 effugit.
1241 1011 1279 1072 D.
1292 1009 1372 1071 Nulli

288 1094 394 1182 igitur
423 1111 573 1160 creatura
602 1099 657 1161 vel
683 1095 832 1162 visibilis·
851 1097 906 1178 vel
937 1093 1134 1168 invisibilia,
1170 1090 1373 1157 conditionem

288 1176 438 1244 bominis
459 1179 653 1265 praecedit,
687 1203 759 1246 non
781 1181 882 1255 loco,
910 1199 982 1242 non
1005 1193 1173 1264 tempore,
1199 1195 1266 1240 non
1282 1171 1372 1260 ¹digni·

236 1309 241 1316 -
289 1275 378 1335 tate,
401 1283 483 1340 ‚non
515 1261 666 1350 origine,
700 1261 1010 1348 nonnaeternitatm
1043 1277 1077 1324 et
1096 1257 1283 1348 [impliciter
1299 1257 1372 1320 nullo

287 1342 521 1431 praeceffionie
552 1349 675 1422 modo;
706 1347 777 1433 ipsa
810 1367 891 1410 vero
927 1343 1125 1430 cognitione
1163 1358 1197 1406 et
1225 1339 1372 1428 dignitate,

288 1448 361 1524 npn
382 1435 496 1493 ‘autem
518 1430 595 1495 loco
616 1429 670 1493 vel
693 1446 845 1516 tempore
865 1427 1037 1515 praecedit
1059 1449 1121 1501 ea,
1146 1426 1229 1512 quie
1249 1445 1317 1487 cuni
1336 1443 1371 1496 et,

288 1525 322 1574 et
343 1508 379 1572 iii
403 1527 519 1592 ea,¹et
538 1511 625 1578 infra
649 1534 722 1580 eain
744 1529 851 1578 creata
872 1511 968 1576 sunta
1006 1509 1058 1574 hia
1079 1531 1161 1574 vero
1206 1508 1297 1572 uibus
1314 1525 1373 1568 con·

175 1675 179 1692 1
288 1591 455 1678 dignitate
485 1611 625 1661 naturae
647 1595 793 1686 aequalia
816 1596 875 1669 est,
908 1594 1102 1660 coelestibus
1124 1531 1279 1656 vidilicet
1296 1587 1373 1652 effen·

287 1675 364 1751 tiit,
399 1695 576 1744 concreata
610 1679 671 1758 ella
702 1703 781 1746 nani
804 1677 928 1766 etipsa
949 1675 1097 1742 coelestis
1120 1670 1373 1739 effentiaeetin·

289 1759 488 1828 tellectualia
511 1763 554 1826 est
574 1763 763 1850 particepa3
798 1767 839 1827 de
860 1761 1020 1848 Angelica
1064 1759 1172 1846 uippe
1192 1761 1375 1840 humanaque

181 1857 186 1864 '
290 1843 427 1907 ellentia
458 1859 492 1906 et
520 1861 638 1910 natura
667 1847 827 1933 scriptum
856 1845 920 1920 est,
947 1849 1006 1928 qui
1046 1848 1112 1906 ecit
1133 1843 1239 1908 coelos
1257 1845 1289 1904 iii
1306 1835 1376 1902 irtel·

288 1925 377 1988 lectu
409 1947 447 1989 ac
469 1927 493 1994 fi
514 1944 627 2014 aperte
649 1929 797 2005 diceret,
828 1928 886 2014 qui
909 1927 991 1991 fecit
1012 1927 1258 1991 intellectualei
1277 1922 1375 1988 coeloe

290 2008 506 2094 Quapropter
538 2033 608 2076 non
631 2012 729 2076 facile
751 2011 899 2076 occurrit
920 2013 963 2075 ad
983 2009 1264 2096 intelligendum,
1292 2007 1376 2070 liho-

288 2110 346 2156 ino
378 2090 539 2178 angelicia
569 2093 713 2160 effentiie
734 2093 991 2163 substantialiter
1012 2110 1213 2160 concreatus
1234 2093 1285 2165 sit,
1314 2107 1376 2176 quq·

287 2175 392 2238 modo
422 2176 536 2240 omnia
564 2176 705 2242 visibilia
737 2194 770 2241 ct
800 2174 980 2242 invisibilia
1002 2177 1038 2242 iri
1060 2175 1133 2264 ipso
1158 2174 1289 2256 condita
1308 2171 1376 2236 sunt

102 2257 104 2264 ’
186 2283 190 2294 ·
287 2257 367 2322 Non
390 2258 482 2322 enim
503 2257 628 2325 rationi
649 2260 832 2325 convenire
856 2260 1008 2336 videtur,
1045 2276 1085 2323 uc
1106 2274 1140 2323 et
1163 2281 1239 2324 cum
1259 2251 1376 2323 coelesti·

288 2343 352 2405 bue
380 2340 564 2407 virtutibui
591 2342 668 2406 suae
694 2344 789 2408 fimul
820 2341 1029 2432 principium
1051 2341 1260 2422 conditionia
1280 2341 1377 2406 habeat

290 2439 325 2488 et
347 2424 502 2520 clientiae
523 2425 561 2489 in
582 2425 655 2512 ipso
677 2443 806 2492 creatae
828 2429 901 2494 sint.
947 2429 995 2490 M.
1019 2426 1055 2492 Si
1076 2426 1230 2491 intentus
1250 2423 1374 2488 intellec·

289 2509 432 2572 tualium
453 2523 488 2572 ec
506 2508 760 2579 rationabilium
781 2527 975 2576 naturarum
997 2510 1207 2596 reciprocam
1220 2501 1376 2596 copulatio

288 2609 368 2654 nem
389 2605 423 2654 et
443 2589 610 2656 unitatem
631 2592 833 2680 inspexeris,
871 2593 1026 2659 inveniet
1047 2595 1203 2681 proiecto
1225 2607 1257 2658 et
1276 2585 1376 2675 angeli·

289 2694 363 2737 caui
377 2673 554 2740 ellcntiam
576 2674 613 2738 in
634 2678 802 2752 humana,
833 2694 866 2740 et
887 2681 1068 2740 humanam
1091 2677 1127 2741 in
1152 2675 1298 2764 angelica
1317 2689 1376 2735 con·

287 2755 446 2821 stitutum.
487 2760 527 2819 ln
558 2759 652 2822 omni
681 2759 843 2846 siquidem
872 2762 1100 2847 quodcunque
1126 2781 1234 2848 puros
1254 2755 1377 2822 intellec·
1408 2761 1409 2806 l

289 2853 343 2902 tua
365 2838 599 2925 perfectiffime
620 2841 797 2929 cognoscit
814 2843 869 2920 fic,
893 2843 991 2930 eique
1005 2863 1115 2918 unum
1132 2841 1290 2919 efficitur.
1309 2841 1377 2902 Tiu-

234 2942 241 2953 “
288 2935 323 2986 ta
356 2923 484 3008 quippe
512 2927 679 2990 humanae
710 2941 851 2990 naturae
886 2943 920 2990 et
941 2926 1111 3012 angelicae
1133 2926 1272 2992 societas
1291 2924 1378 2989 tuero

289 3019 323 3067 et
344 3003 440 3070 fieret
458 3007 482 3068 si
501 3005 630 3090 primite
648 3010 753 3074 homo
774 3031 843 3074 non
866 3025 1044 3096 peccaret,
1071 3026 1110 3073 ut
1130 3027 1272 3098 utraque
1290 3021 1376 3070 unum

290 3085 492 3183 efficeretur,
518 3090 731 3173 quodetiam
753 3092 789 3157 in
813 3093 950 3158 luminii
968 3093 1164 3159 hominibus
1180 3081 1377 3180 quorumprl·
1407 3085 1408 3159 l

214 3251 223 3269 .
288 3169 406 3266 mitiae
427 3169 464 3233 iri
487 3173 681 3240 coelestibui
702 3177 802 3251 lunt,
834 3175 908 3241 fieri
931 3169 1077 3263 incipit:
1112 3192 1146 3241 et
1171 3177 1305 3264 angeliii
1324 3163 1376 3268 qul·

289 3254 367 3316 dem
389 3273 426 3316 iii
448 3254 587 3320 homine
609 3257 648 3321 fit
666 3279 727 3344 per
759 3259 970 3324 intellectum
993 3258 1103 3346 angeli
1125 3258 1184 3346 qui
1205 3259 1242 3325 in
1263 3262 1376 3322 homine

289 3333 352 3410 est,
377 3350 411 3398 et
431 3337 533 3401 bomo
554 3338 592 3403 in
617 3343 737 3427 angelo
758 3363 819 3438 per
839 3341 1059 3408 intellectum
1072 3342 1222 3408 hominii
1243 3341 1279 3408 in
1299 3353 1375 3422 augt-

287 3418 323 3483 lo
345 3418 573 3485 constiturum.
614 3425 688 3509 ¹Qui
710 3448 819 3500 enirn,
855 3440 895 3490 ut
920 3424 1012 3502 dixi,
1042 3425 1325 3522 pure'intelligit,
1350 3415 1375 3477 ln

287 3521 329 3600 ep
351 3505 443 3602 quoii
465 3503 627 3604 intelligit
645 3507 697 3570 fit.
753 3510 880 3590 Natura
902 3506 948 3572 ita
973 3531 1016 3572 ue
1039 3507 1277 3574 intellectualia
1298 3521 1328 3569 et
1342 3519 1377 3562 1¹·
1405 3557 1406 3617 p

245 3625 255 3639 -
287 3587 460 3672 tionabilia
482 3591 652 3674 angelica,
674 3588 710 3654 in
733 3607 852 3655 natura
872 3529 1095 3656 intellectuali
1120 3609 1154 3657 et
1167 3587 1319 3657 rationali
1332 3587 1376 3647 hu·

286 3689 386 3765 mapa
407 3670 496 3734 facta
517 3671 577 3746 est,
601 3676 884 3770 quemadmodum
909 3691 943 3738 et
961 3677 1108 3742 humana
1122 3675 1159 3740 in
1177 3672 1376 3764 angeliciptt

204 3797 207 3803 -
240 3771 243 3778 ’
286 3771 494 3850 reciprocam
522 3756 772 3842 cognitionem,
832 3774 931 3823 uaet
951 3761 1089 3846 angelus
1109 3761 1283 3825 bominem
1301 3747 1377 3818 insti·

270 3832 379 3930 -ligit,
412 3853 445 3899 et
466 3839 568 3936 homo
591 3842 758 3928 angelum.
802 3782 874 3906 ileo
894 3841 1029 3908 mirum.
1069 3833 1214 3912 Nam'et
1236 3861 1295 3907 not
1314 3835 1404 3922 ium,

289 3917 499 4013 §reputamus
521 3943 559 3985 in
580 3922 750 3989 nobismet
765 3924 912 3990 invicem
930 3925 1103 3992 efficimur.
1132 3925 1304 4014 Siquidem
1314 3920 1375 3984 duffl

285 4000 444 4096 intelligo
476 4008 567 4088 quod
588 4006 767 4094 intelligia,
800 4007 993 4074 intellectui
1015 4022 1093 4076 tuuc
1116 4009 1262 4086 efficior,
1293 4018 1322 4067 et
1338 3997 1376 4060 ln·

289 4067 415 4146 effabili
436 4091 583 4170 quodam
603 4093 707 4155 morlo
729 4091 764 4156 in
788 4109 821 4158 te
842 4091 952 4158 factiia
973 4093 1055 4158 luni.
1092 4091 1255 4162 Similiter
1265 4081 1375 4178 quw(lo
1402 4119 1403 4156 i

187 4233 190 4248 ,
286 4187 370 4250 pure
392 4163 554 4258 iutelligit
577 4170 670 4260 quod
691 4197 752 4264 ego
773 4178 875 4284 plane
896 4175 1072 4266 intelligo,
1094 4177 1286 4256 intellectui
1301 4179 1375 4238 meu
