2930 4982
704 153 780 184 ,η
1024 125 1034 174 J
1423 117 1425 125 Α

464 183 903 305 momentus.
1094 217 1173 290 toa
1290 201 1298 258 Ἀ
1416 185 1451 262 ‘l

74 365 181 472 omnio
215 399 371 479 hominen
397 400 435 468 in
463 401 708 551 reqarreetiona
735 415 770 466 et
823 401 868 467 ost
890 365 1176 470 -resurrtictionem

74 486 294 556 universaliter
328 484 406 551 sexu
429 507 503 552 care
525 503 574 550 nt.
616 489 764 552 M.'Hoc
800 488 991 572 uperfluum
1013 487 1061 552 est
1076 507 1176 575 quae·
1235 511 1238 520 ⁴

13 591 14 602 ¹
73 595 156 652 τεῖος
213 567 351 636 uoniam
381 569 418 636 in
451 569 677 657 superioribus
697 567 792 634 libria
812 569 1047 669 multipliciter
1068 587 1103 636 et
1124 593 1174 636 ra·
1226 593 1233 607 ’

13 687 15 746 p
74 657 160 742 tione
186 594 317 720 sluasum
345 653 409 730 est,
443 669 477 719 et
506 653 683 726 sententiis
711 655 750 717 B.
774 653 928 738 Gregorii
949 657 1089 740 ejusque
1111 656 1175 730 Ex-

13 765 14 808 ῖ
70 737 230 828 politoris,
251 736 393 802 Maximi
414 736 510 813 dico,
534 737 578 802 est
598 719 812 812 coitclusum,
835 731 928 822 quod
943 735 980 800 in
1000 737 1113 801 futura
1126 735 1175 801 ri·
1230 763 1236 770 ·

13 853 14 870 ¹
71 840 103 890 ta
130 816 201 911 posi
226 820 524 898 resurrectionem,
555 836 675 886 natura
703 818 883 888 hominum
910 820 1052 886 omnino
1082 820 1175 896 sexu,

69 911 132 975 boc
151 905 193 972 ert
205 903 305 970 ‘virili
327 921 361 970 et
380 904 550 970 foeminea
570 905 679 970 forma
701 902 845 979 carebit,
882 902 1045 990 quoniam
1064 902 1103 966 in
1125 902 1177 988 ip·

72 992 134 1056 sam
162 991 304 1058 sormam
338 991 487 1076 quaead
510 987 692 1075 imaginem
715 986 782 1052 Dei
803 987 891 1053 sacta
911 988 971 1062 cll,
1006 987 1178 1053 reversura

72 1074 123 1140 est.
161 1077 279 1158 ¹Imago
302 1088 414 1138 autem
435 1071 500 1137 Dei
522 1094 593 1145 non
618 1072 661 1138 esi
681 1072 849 1139 marculus
870 1093 915 1138 ne
938 1092 983 1134 ue
1005 1069 1178 1154 soemin23

71 1157 127 1222 illa
146 1155 236 1222 enim
259 1154 378 1220 divisio
399 1171 539 1222 naturae
559 1150 700 1242 propior
717 1169 896 1241 peecatum
916 1093 1006 1218 iacta
1028 1154 1083 1220 est.
1129 1156 1175 1217 D.
1222 1183 1224 1188 v

13 1237 14 1248 ’
70 1246 107 1308 10
140 1241 252 1305 sutura
281 1237 397 1325 itaque
422 1238 494 1304 vita
516 1261 628 1324 neque
648 1240 817 1304 marculus
841 1235 906 1304 erit
925 1259 1044 1324 neque
1059 1234 1179 1303 foemi-

25 1355 33 1396 ι
68 1347 128 1399 na,
156 1324 179 1388 b
207 1323 276 1388 sola
302 1321 494 1408 simplicitas
521 1337 662 1386 naturae
692 1321 880 1408 duplicem,
915 1319 976 1408 qui
1005 1341 1101 1398 nunc
1122 1319 1176 1395 eli,
1297 1387 1299 1394 ,

69 1408 176 1472 sexum
209 1405 247 1470 in
276 1405 415 1490 seipsam
446 1403 653 1493 absorpserit.
695 1407 745 1470 M.
782 1407 853 1472 Cur
870 1408 916 1478 de
939 1408 1006 1472 hoc
1027 1404 1177 1479 haesitae,
1232 1441 1236 1450 ·

70 1513 144 1556 cum
174 1492 216 1554 de
247 1488 444 1564 bominibua
475 1488 512 1554 in
547 1489 792 1558 resurrectione
839 1485 1021 1554 'eneraliter
1048 1487 1183 1552 Veritas

70 1575 170 1648 dicat,
192 1595 294 1657 neque
313 1574 435 1636 nubent
454 1587 557 1658 neque
577 1573 753 1650 trahentur,
765 1569 808 1666 se
855 1586 950 1636 erunt
959 1569 1053 1676 ficut
1067 1571 1200 1654 augeli¹

67 1657 239 1724 incaelo?
260 1656 427 1748 Nunquid
448 1659 584 1743 angelos
605 1679 645 1722 ex
666 1653 844 1725 intellectu
865 1671 899 1721 et
919 1657 935 1720 s
956 1654 1084 1721 rrituali
1107 1650 1179 1720 eorl

67 1763 147 1830 pore
167 1739 315 1808 constare
335 1739 530 1806 credimur?
552 1739 648 1806 omni
670 1755 782 1806 tamen
802 1681 1053 1832 circumicripta
1070 1739 1180 1804 forma
1248 1787 1251 1800 ,

69 1847 125 1890 eoa
146 1843 350 1905 carerepron
373 1823 579 1890 dubitamus.
630 1825 717 1888 Nam
740 1827 832 1911 quod
854 1824 950 1911 saepe
971 1823 1008 1888 in
1030 1827 1180 1888 humana

67 1906 174 1996 effigie
195 1906 380 2006 apparuisse
401 1906 478 1972 illoe
501 1905 619 1972 divina
638 1922 752 1974 narrat
772 1906 926 1983 historia,
947 1929 1019 1972 nou
1041 1927 1105 1973 noe
1124 1927 1179 1972 eo·

65 1993 116 2080 git
146 1991 314 2058 aestimare
343 2011 400 2056 eoa
434 1990 492 2054 tali
524 1988 635 2077 effigie
662 1990 860 2056 naturaliter
893 1988 1049 2056 detineri.
1090 1989 1189 2075 tund„

68 2075 157 2140 enim
178 2093 241 2161 pto
264 2089 416 2159 tempore
438 2075 566 2140 factum
588 2073 648 2150 est,
680 2073 841 2161 quoniam
864 2072 961 2140 aliter
981 2071 1180 2139 hominibua

66 2175 99 2224 et
127 2180 206 2242 cum
236 2157 433 2224 hominibus
462 2157 558 2244 loqui
589 2155 656 2221 aut‘
676 2156 878 2244 impossibile
907 2173 1056 2244 autnon
1080 2151 1181 2222 facile

60 2258 143 2307 erat.
188 2239 223 2304 Si
256 2262 336 2328 ergo
366 2236 478 2326 ingeli
506 2240 601 2306 omni
630 2241 738 2306 forma
769 2240 1020 2327 circumscripta
1052 2253 1180 2315 carent,

61 2324 145 2414 quid
165 2323 289 2393 mirum
312 2323 468 2410 hominen
491 2326 573 2388 dum
596 2326 750 2410 aequales
772 2323 899 2411 angelis
912 2324 1060 2400 suerint,
1084 2321 1181 2390 omni

14 2447 17 2476 l
63 2425 98 2474 et
129 2408 208 2474 sexu
242 2423 276 2476 et
296 2407 480 2475 formarum
502 2406 815 2494 circumscriptione
838 2406 1027 2472 carituros?
1059 2409 1180 2494 Neque
1288 2449 1292 2456 ,

63 2491 156 2558 enim
179 2491 277 2556 aliter
298 2492 452 2578 aequalea
474 2488 523 2555 eie
545 2506 664 2566 erunt,
686 2512 800 2578 neque
820 2493 888 2556 hoc
908 2489 1110 2558 incredibile
1130 2489 1182 2553 vi·

63 2579 174 2642 detur.
219 2577 394 2659 Quaedam
425 2595 572 2721 namque
599 2594 741 2660 corpora
776 2574 854 2637 sunt
875 2573 1006 2659 liquida
1026 2595 1066 2638 ac
1086 2571 1181 2660 spiri·

60 2659 186 2734 tualia,
209 2656 479 2752 circumscriptio
523 2655 624 2728 ormia
654 2657 813 2732 carentia.
858 2657 962 2740 Quod
993 2673 1108 2722 autem
1139 2655 1189 2720 li··

63 2743 208 2829 quidum
232 2763 270 2808 ac
291 2741 464 2829 spirituale
486 2741 531 2805 ett
551 2739 809 2888 purissimaeque
825 2737 1040 2836 substantiae,
1063 2757 1183 2825 corpo·

574 2823 776 2890 ineamentra
798 2823 856 2887 seu
878 2823 1100 2909 altquaanole
1121 2823 1183 2888 cir·

62 2825 191 2892 ralibua
223 2825 471 2924 quantitatibus
501 2846 540 2889 ac

60 2909 266 2997 cumscripta
288 2905 459 2976 contineri
481 2909 572 2992 posse
592 2915 665 2972 nota
687 2905 808 2989 nideo3
847 2906 1008 2991 quoniam
1031 2911 1110 2973 ve‘ra
1133 2928 1183 2972 ra·
1241 2935 1248 2948 =

56 2994 110 3060 tio
133 2995 214 3059 talia
237 2993 421 3059 existimare
442 3014 514 3056 non
535 3013 592 3056 me
611 2989 700 3058 finit.
746 2992 901 3076 Quatuor
926 2989 1089 3079 squidem
1110 2992 1183 3059 stm-

57 3077 168 3168 plicia
195 3077 317 3143 mundi
340 3079 507 3142 elementa
528 3073 631 3139 nullia
655 3089 869 3140 coarctantur
888 3072 1025 3152 sormia;
1054 3074 1187 3162 ubique.

59 3161 157 3226 enim
185 3159 388 3227 inmundo
416 3160 512 3233 sunt,
550 3161 647 3237 cuiue
668 3161 762 3223 nulla
782 3179 858 3245 pare
881 3157 924 3222 est
944 3157 1081 3226 illorum
1103 3179 1183 3224 con·
1266 3191 1267 3196 1

16 3270 22 3286 ³
55 3247 162 3312 cursu
188 3265 317 3310 carena.
362 3245 466 3329 Quod
500 3259 613 3307 autem
643 3241 769 3330 ubique
791 3239 892 3306 estin
913 3246 1064 3320 mundo,
1101 3263 1184 3330 quo·

56 3333 169 3394 modo
199 3328 312 3415 aliqua
343 3327 452 3391 forma
473 3324 703 3392 circumscribi
722 3325 845 3414 possiti
878 3327 966 3392 Sunt
986 3327 1092 3426 igitur
1113 3348 1184 3392 cor-

55 3434 146 3500 pora
181 3410 299 3477 formio
327 3409 538 3476 sensibilibua
562 3411 721 3474 carentia.
766 3408 860 3496 Quid
882 3413 923 3474 de
944 3409 1047 3476 radria
1071 3411 1186 3477 oculo·

53 3520 138 3562 rum
174 3494 381 3562 dicendum?
412 3495 536 3560 Nonne
560 3492 676 3592 etipsa
698 3492 853 3580 corporei
876 3493 970 3568 sunt,
1000 3493 1096 3558 omni
1117 3493 1184 3556 sor·

51 3603 113 3646 ma
136 3578 321 3660 carentes?
344 3576 381 3654 si
402 3594 515 3643 autem
537 3576 668 3642 dixeno
681 3579 824 3666 angelon
845 3577 968 3641 formae
985 3573 1183 3662 intelligibi-

50 3667 104 3732 lea
131 3666 276 3741 habere,
300 3661 442 3735 omnino
467 3663 642 3736 concedo;
666 3683 704 3726 ac
751 3685 787 3726 er
806 3666 879 3727 hoc
899 3659 1059 3752 homines
1081 3657 1183 3724 etiam

50 3749 133 3836 post
163 3744 443 3814 resurrectionem
471 3741 622 3810 similiter
647 3687 884 3833 intelligibiles
907 3746 1031 3810 formae
1050 3741 1184 3812 habitu·
1257 3747 1266 3764 '

50 3854 116 3918 roe
148 3832 213 3896 else
243 3853 316 3897 non
347 3831 455 3896 solum
479 3849 554 3900 non
585 3831 734 3915 denego,
768 3850 890 3894 verum
920 3828 1022 3894 etiam
1043 3825 1182 3892 affirmo.

50 3917 128 3980 Sed
183 3935 246 3980 uae
266 3931 301 3980 et
322 3916 438 4002 qualea
459 3933 554 3979 nunc
574 3911 612 3978 in
634 3911 764 4000 angelis
787 3914 886 3990 sunt,
918 3909 957 3977 'et
977 3907 1185 3981 1010010101-
1276 3942 1279 3952 =

47 4003 121 4064 bue
201 4015 294 4063 turae
317 3997 460 4064 omnino
484 4015 539 4062 me
557 3994 715 4084 ignorare
737 3996 862 4064 fateor·
897 3997 1002 4072 donea
1024 4005 1185 4066 transeat,

48 4099 96 4148 ut
132 4081 185 4148 ait
210 4080 435 4170 Augustinus,
468 4103 588 4166 corpus
618 4104 722 4146 meum
750 4080 784 4146 sn
812 4039 971 4173 effectum
1001 4079 1185 4158 volutantis

49 4190 164 4234 meae.
208 4167 289 4234 Non
316 4164 450 4266 ignoro·
468 4179 581 4234 tamen
610 4167 738 4236 multoe
769 4187 979 4255 magnosque
1005 4163 1183 4251 sapienter,
1284 4185 1287 4202 ⁸
1386 4221 1388 4234 .
