2948 4978
318 209 367 285 12
436 289 442 296 ,
645 142 902 280 nemore
919 203 1094 292 Neam

317 392 404 472 ciat,
455 390 513 459 ula
537 389 626 460 nihil
655 406 747 458 extra
773 390 917 481 seipsum
946 390 1004 468 οὓς
1035 391 1125 460 cum
1146 392 1416 462 autemnam
1454 479 1455 482 Ἴ

318 413 520 556 95⁰1&ch
550 497 687 544 camene
715 491 807 542 recte
834 473 1047 563 intelligitur.
1089 473 1163 562 lpl'e
1183 473 1276 541 enim
1296 471 1333 538 in
1352 494 1416 542 om·

317 560 377 627 uia
409 560 531 635 currit,
561 576 596 625 et
615 561 712 624 nullo
732 562 834 625 modo
854 559 928 634 stat,
961 559 1019 625 led
1039 557 1153 624 omnia
1175 560 1341 666 currendo
1360 556 1416 624 im·

316 645 399 732 plet.
424 718 431 734 Ν
453 643 550 708 Sicut
583 643 753 730 Scriptum
781 639 844 726 est3
883 646 922 712 V
919 639 1052 708 elociter
1081 645 1185 707 currit
1202 638 1315 733 sermo
1343 642 1417 707 e’us.
1454 719 1455 722 Ἴ

139 707 142 718 ¹
195 752 232 774 .=
316 734 475 793 Attamen
495 727 593 792 nullo
613 729 715 791 modo
736 741 908 803 movetur,
930 729 972 792 de
985 729 1065 791 Duo
1082 725 1243 814 liquidem
1260 721 1330 790 ver'
1401 745 1417 790 e
1454 761 1455 772 2

317 809 444 876 dicitur
470 825 584 876 motua
610 808 752 886 stabilia,
783 823 817 874 et
841 809 939 875 statua
967 809 1113 875 mobilia.
1157 811 1231 874 Stat
1263 807 1353 875 enim
1382 807 1417 872 in

317 891 444 992 seipso,
473 887 814 968 incommutabiliter,
845 915 1020 980 nonquam
1047 895 1234 958 naturalem
1255 893 1347 958 surm
1366 892 1419 956 lla·
1454 905 1455 912 ’

315 975 483 1054 bilrtatem
506 979 668 1044 delerent.
710 977 831 1040 Movet
852 993 963 1042 autem
985 974 1128 1062 seipsum
1148 999 1209 1064 per
1229 976 1362 1049 omnia,
1382 989 1420 1038 ut

238 1067 243 1073 “
315 1059 383 1126 fint
410 1083 449 1126 ea
480 1083 565 1158 quae
593 1081 613 1124 a
633 1059 667 1124 le
688 1059 901 1127 ellentialiter
921 1059 1114 1136 subsistuntr
1144 1075 1242 1124 motu
1263 1059 1354 1126 enim
1374 1055 1420 1143 ip·

243 1199 250 1214 .
315 1143 382 1209 lius
414 1166 528 1209 omma
554 1143 661 1218 fiunt,
692 1163 731 1207 ac
755 1165 818 1230 per
844 1146 912 1207 hoc
941 1165 1031 1208 unua
1052 1141 1420 1242 idemqueintellectut

70 1283 82 1290 .
195 1235 201 1246 “
316 1225 363 1292 est
391 1227 432 1292 in'
457 1229 585 1291 duabus
606 1224 941 1312 interpretationibus
963 1229 1113 1306 ejusdem
1133 1225 1300 1303 nonnula,
1332 1224 1423 1323 quod

316 1310 379 1389 est,
406 1314 512 1375 Deua.
554 1311 634 1374 Non
669 1309 760 1374 enim
782 1309 875 1374 aliud
897 1309 940 1373 cll
961 1313 1039 1374 Duo
1064 1331 1196 1375 currere
1215 1315 1276 1398 pler
1297 1323 1420 1383 omnia,
1454 1309 1455 1312 ’

366 1415 419 1458 am
439 1392 557 1457 videre
577 1391 714 1457 omniur
748 1393 805 1458 led
824 1391 908 1458 licut
928 1392 1098 1467 ridendo,
1121 1393 1169 1456 ita
1191 1409 1225 1457 et
1246 1393 1422 1466 currendo,
1454 1423 1455 1428 κ

315 1415 481 1564 {iream
512 1475 602 1539 liunt
622 1475 746 1542 omniu.
788 1479 832 1549 D.
867 1479 920 1542 De
940 1475 1155 1575 Etymologia
1174 1474 1325 1541 neminie
1347 1471 1423 1539 latia

316 1579 357 1625 ac
383 1557 602 1646 probabiliter
631 1559 761 1623 suasum
786 1559 848 1634 ell3
878 1561 936 1626 led
963 1580 1035 1624 non
1063 1559 1141 1625 satra
1168 1560 1271 1624 video
1302 1579 1370 1646 quo
1391 1555 1424 1620 se

315 1657 469 1717 moveat,
492 1640 551 1728 qui
571 1641 698 1729 ubique
720 1641 779 1715 ell,
801 1643 870 1707 fine
913 1665 960 1707 uo
981 1641 1068 1708 nihil
1090 1645 1152 1707 elle
1172 1642 1296 1729 potest,
1320 1657 1355 1706 et
1372 1661 1423 1706 ex·

315 1712 367 1788 tia
396 1745 497 1810 quem
524 1724 611 1788 nihil
634 1724 846 1806 extenditur3
878 1663 922 1790 eil
944 1725 1035 1791 enim
1056 1727 1150 1792 locua
1173 1725 1345 1801 omnium,
1378 1735 1424 1786 at·

315 1827 384 1955 pue
405 1805 682 1906 circumscriptio.
723 1810 772 1872 Μ.
797 1812 910 1876 Deum
930 1807 1062 1874 moveri
1082 1830 1154 1874 non
1175 1824 1267 1874 extra
1286 1808 1320 1873 le
1344 1803 1424 1882 dixi,

332 1891 375 1955 ed
401 1911 421 1955 a
450 1889 575 1977 seipso,
603 1913 640 1954 tn
668 1890 796 1979 seipso,
826 1894 869 1957 ad
896 1892 1050 1980 seipsum.
1092 1895 1170 1958 Nou
1199 1891 1292 1958 enim
1320 1890 1425 1958 alium
1454 1903 1455 1974 J

313 1987 448 2039 motum
471 1972 509 2038 in
539 1993 580 2038 eo
607 1989 741 2060 oportet
773 1974 882 2052 credi,
910 1991 1043 2062 praeter
1063 1975 1141 2041 luae
1160 1973 1348 2040 voluntatis
1370 1995 1425 2059 ap·

314 2053 480 2143 petitum,
518 2077 586 2144 quo
618 2061 694 2122 vult
722 2056 836 2122 omnia
865 2059 956 2136 fieri3
985 2059 1072 2124 ficut
1102 2059 1319 2138 statuocjue,
1352 2075 1426 2122 non
1454 2075 1455 2114 2

314 2138 406 2226 quali
433 2137 506 2226 post
532 2153 666 2204 motum
691 2139 770 2219 stet,
799 2142 1036 2221 red-ejusdem
1065 2137 1144 2207 [uie
1164 2139 1353 2206 voluntatit
1375 2139 1426 2204 in·

313 2221 564 2320 commutabile⁸
588 2224 796 2309 propositum
817 2222 1036 2322 intelligitur3
1072 2247 1139 2313 quo
1161 2224 1275 2290 omnia
1295 2223 1429 2289 incom·
1454 2231 1455 2282 l

204 2309 208 2328 ¹
310 2305 472 2370 motabili
501 2321 673 2370 tattonum
701 2307 835 2371 suarum
862 2307 1038 2374 stabilitate
1065 2331 1262 2396 permanere
1291 2305 1427 2374 delinit.
1454 2317 1455 2394 j

213 2413 217 2424 ·
312 2388 394 2454 Non
416 2387 566 2454 enimin
586 2388 659 2475 ipso
681 2389 817 2476 proprie
837 2389 944 2456 statua
958 2407 1018 2455 aut
1038 2407 1150 2457 motus
1172 2392 1319 2466 dicium,
1342 2395 1430 2454 haec
1454 2395 1455 2446 l

315 2469 410 2536 enim
441 2475 510 2545 duo
540 2473 691 2558 oppofita
712 2473 771 2537 libi
792 2473 942 2540 invicem
965 2475 1028 2538 elle
1049 2474 1221 2540 videntur.
1263 2476 1318 2560 Op
1347 2465 1455 2540 ofital

214 2573 218 2582 ·
315 2567 430 2619 autem
462 2553 500 2618 in
537 2576 578 2619 eo
609 2575 649 2620 co
676 2555 751 2620 't'ari
780 2557 834 2620 vel
861 2557 1009 2644 intelligi
1033 2581 1111 2622 vera
1139 2557 1226 2622 ratio
1277 2497 1429 2632 roiibet,

314 2635 509 2724 praesertim
538 2658 617 2702 eum
691 2654 745 2704 tue
773 2638 909 2725 proprie
940 2639 1019 2705 finie
1047 2639 1210 2706 motionia
1268 2657 1291 2704 t.
1345 2641 1455 2706 Noni

315 2717 409 2784 enim
435 2724 531 2785 Dauo
559 2721 689 2785 moveri
710 2721 868 2799 inchoat,
899 2738 940 2786 ut
960 2725 1003 2788 ad
1023 2723 1142 2788 statum
1163 2726 1331 2810 quendam
1354 2711 1455 2812 per-l

217 2817 230 2832 ¹
313 2801 447 2878 veniat,
487 2805 572 2869 haec
600 2803 707 2890 igitur
733 2803 891 2881 nomina,
919 2805 1004 2870 ficut
1037 2823 1072 2872 et
1099 2809 1206 2872 multa
1235 2805 1359 2872 fimilia
1391 2807 1455 2886 exss

314 2901 484 2962 creatura,
497 2908 572 2972 *per
592 2888 760 2974 quandam
783 2886 934 2953 divinam
954 2894 1201 2978 metaphoram,
1216 2893 1278 2954 'ad
1298 2908 1434 2956 creato·
1454 2891 1455 2952 l

313 2989 386 3034 rem
413 2969 622 3045 referuntur,
653 2992 718 3034 nec
738 2970 1031 3050 irrationabiliter,
1063 2997 1141 3040 curn
1163 2973 1317 3040 omnium
1341 2983 1455 3074 quae'

312 3049 352 3116 in
379 3051 464 3116 statu
490 3066 526 3115 et
556 3054 770 3129 motatum,
800 3055 896 3120 caula
920 3056 980 3129 οὓς
1009 3059 1049 3120 ab
1073 3079 1113 3123 eo
1135 3057 1227 3122 enim
1249 3055 1455 3144 incipiunt

312 3153 448 3198 currere
467 3148 507 3198 ut
527 3133 612 3210 lint,
637 3157 715 3200 cum
737 3137 781 3200 est
800 3137 1008 3225 principium
1026 3139 1197 3215 omnium,
1219 3154 1254 3204 et
1268 3161 1332 3226 per
1349 3145 1455 3220 euml

313 3217 358 3280 ad
388 3235 467 3280 eum
494 3215 642 3282 naturali
663 3234 760 3284 motu
780 3221 953 3297 ferunturt
983 3224 1081 3289 utin
1104 3246 1143 3288 eo
1164 3222 1455 3290 incommutata?

312 3296 393 3362 liter
415 3312 515 3384 atque
536 3302 748 3366 aeternaliter
767 3303 869 3380 stent,
892 3325 971 3369 cum
993 3303 1071 3371 finio
1092 3306 1438 3395 quiesqueomnium

311 3379 384 3478 clip
400 3402 479 3444 nam
499 3383 586 3458 ultra
607 3383 657 3448 nil
678 3401 855 3471 appetunt.
896 3391 936 3450 ln
958 3407 999 3452 eo
1022 3389 1113 3455 enim
1136 3387 1187 3454 tui
1202 3403 1315 3458 mutue
1336 3391 1440 3490 prin·

312 3472 445 3549 captum
465 3462 636 3551 finemque
657 3465 850 3533 inveniunt.
892 3473 987 3535 Duoe
1010 3473 1102 3538 enim
1125 3493 1262 3538 current
1285 3471 1455 3553 dicrtur,l

68 3559 72 3570 '
187 3621 190 3626 ¹
310 3565 384 3612 non
406 3544 496 3634 'quia
525 3563 615 3612 extra
635 3549 669 3614 se
690 3567 819 3628 currat,
852 3551 911 3638 qui
932 3554 1061 3642 semper
1082 3555 1119 3620 in
1140 3556 1247 3654 seipso
1268 3549 1455 3630 immuta-l

310 3625 427 3695 biliter
455 3629 533 3706 ilat,
562 3630 641 3718 quia
669 3633 782 3699 omnia
810 3635 947 3723 impleta
975 3637 1032 3704 sed
1053 3638 1141 3726 quia
1154 3659 1270 3706 omma
1290 3645 1455 3708 currere}

309 3711 397 3778 facit
426 3733 468 3777 cx
496 3714 798 3783 non-existentibus
825 3718 863 3783 in
885 3719 1066 3786 existentia.
1109 3725 1152 3788 D.
1175 3721 1262 3788 Redi
1283 3728 1330 3790 ad
1354 3747 1443 3812 pro·

338 3795 477 3876 ofitum3
506 3800 591 3886 baec
621 3799 714 3866 enim
741 3823 812 3867 non
842 3801 1117 3870 irrationabiliter
1138 3805 1228 3872 dicta
1248 3805 1455 3876 videntum

187 3885 192 3899 '
310 3817 365 3942 il.
394 3880 504 3979 Quale
538 3884 748 3982 propofitom
785 3905 941 3973 quaerat,
979 3891 1159 3956 admoneat
1220 3903 1286 3955 eto.
1340 3874 1455 3958 Numi

310 3979 393 4028 cum
414 3965 457 4028 do
477 3969 707 4062 mordentibus
728 3967 976 4056 quaestionibua
998 3975 1161 4060 quaedam
1184 3913 1296 4038 ἔσοιο
1325 3977 1455 4044 cona-l

311 4045 683 4216 certetur
697 4048 941 4224 atltae
965 4054 1445 4230 aaran
