2922 4978
430 241 468 318 j
500 183 790 316 bron'slur'olut.
828 279 831 289 ·
982 263 984 270 ·
1119 213 1209 298 1139x

89 416 134 482 tit
153 413 404 500 corporalibua,
432 427 467 478 et
488 409 624 490 forma,
650 435 737 502 quae
756 413 814 478 illa
830 409 1012 498 componit
1030 399 1201 480 elementi

87 516 121 564 et
142 495 334 562 formificat.
375 495 496 563 Anima
516 507 651 586 quo‘que
672 495 826 584 quinario
848 517 989 562 numero
1010 520 1081 564 non
1102 497 1196 564 dillo-

1 601 2 656 ι
79 579 156 647 irat.
186 581 348 656 ¹Subsistit
380 602 456 646 nam
481 603 525 646 ue
553 582 730 647 intellectu
761 596 795 644 et
822 579 972 656 ratione,
1006 597 1041 647 et
1068 579 1197 668 duplici

86 665 206 738 sensu,
228 662 384 729 interiori
404 603 557 752 proiecto
581 681 616 730 et
636 663 809 739 exteriori,
835 662 998 750 vitalique
1013 681 1112 730 motu
1128 685 1196 750 quo

1 809 2 822 ,
84 769 210 834 corpur
232 747 486 814 administratur.
529 749 709 814 Denariam
731 745 878 812 hominia
896 747 1119 832 quantitatem
1140 751 1196 812 ha·

84 835 164 907 bea,
186 846 226 894 ut
246 830 370 918 opinor
386 833 503 918 t'quae
523 831 711 898 conditoria
734 847 768 896 et
788 830 985 896 redemtoris
1008 831 1058 896 lui
1079 829 1195 918 gratia,

87 918 130 980 de
160 914 254 978 omni
284 915 496 1000 superaddita
516 917 576 982 fibi
598 915 729 980 miseria
750 913 856 978 veluti
879 917 920 978 de
941 918 1085 1000 quadam
1105 916 1197 999 lepra
1297 913 1303 924 “

83 996 301 1074 liberabitur,
325 998 416 1063 etin
440 1022 549 1064 unum
567 999 638 1066 redi
664 1015 757 1064 etur:
784 1014 914 1064 utnon
937 998 1074 1064 denaria
1095 1018 1198 1082 quau·

85 1080 186 1154 ritae,
219 1081 276 1146 sed
304 1082 392 1146 solue
425 1081 619 1148 intellectus
704 1081 802 1168 plicia
831 1080 984 1146 veritatis
1013 1100 1199 1166 puracou·

85 1164 311 1249 templatioue
331 1165 448 1231 unitur
469 1182 657 1232 remaneat:
680 1168 772 1252 quod
789 1163 966 1251 significari
983 1165 1124 1230 arbitror
1137 1183 1199 1249 per

85 1245 199 1344 ipsum
220 1249 405 1332 leprosum,
432 1250 490 1337 qni
512 1252 600 1324 solue
623 1253 664 1314 ad
686 1249 874 1314 Dominum
889 1248 1107 1321 reversuaell,
1130 1248 1199 1332 glo·

83 1352 171 1398 raam
204 1334 279 1396 Deo
306 1333 427 1397 desua
450 1333 674 1400 mundatione
694 1335 864 1411 referener
898 1353 936 1396 ac
955 1331 1064 1396 veluti
1085 1327 1200 1393 alieni·

84 1434 174 1501 gena
206 1417 248 1478 de
275 1415 524 1503 longinquitate
548 1405 995 1490 diffimilitudinit⁸rediena,
1027 1408 1200 1478 liberatori

85 1512 122 1562 et
153 1498 328 1583 purgatori
360 1500 419 1564 suo
451 1501 652 1565 adhaeserat.
697 1499 811 1564 Ceteri
839 1515 960 1564 autem*
980 1519 1103 1562 novem
1127 1517 1199 1572 non

83 1585 154 1662 jam
176 1581 305 1666 reperti·
321 1583 409 1646 sunt.
440 1587 528 1650 Tota
550 1584 709 1671 fiquidem
734 1587 880 1648 humana
901 1597 1022 1648 natura
1040 1581 1200 1646 insolam
1219 1632 1222 1638 .
1278 1629 1286 1661 ,

85 1663 301 1730 intellectum
333 1667 550 1744 refundetur,
582 1683 621 1731 ut
642 1667 696 1732 nil
728 1666 764 1730 in
788 1689 825 1732 ea
846 1682 1037 1738 remaneat,
1069 1678 1201 1750 praeter

83 1746 185 1896 glum
207 1747 313 1814 solum
333 1740 546 1817 intellectum
568 1772 637 1838 quo
661 1752 854 1816 Creatorem
875 1751 973 1814 suum
995 1747 1201 1833 contempla-

109 1846 189 1894 rtur.
884 1859 887 1866 ·

151 1927 184 1989 7.
207 1915 274 1978 Sed
296 1928 475 2000 antequam
497 1919 539 1982 de
585 1915 763 2003 urgatione
780 1931 920 1982 naturae
937 1917 1122 1989 humanae,
1146 1913 1201 1976 de·
1253 1953 1258 1964 κ

88 2017 158 2094 que
185 1997 393 2092 edunatione
422 1997 522 2084 ipliua
551 1939 681 2064 sibimet
711 2016 744 2063 et
764 1997 936 2064 conditori
957 1998 1016 2064 suo
1039 1999 1081 2062 ad
1105 2000 1202 2075 cuiue
1273 2003 1284 2020 ‘
1334 2031 1340 2044 ·

87 2099 274 2165 rmagrncm
303 2081 391 2146 facta
425 2083 489 2158 est,
519 2098 717 2148 tractemuet
750 2086 791 2147 de
812 2083 884 2169 ipso
905 2080 1017 2148 reditu
1039 2082 1203 2167 quaedam

86 2162 235 2228 dicenda
262 2165 325 2228 elle
354 2187 425 2230 non
453 2166 681 2252 incongruum
712 2165 880 2230 existimo.'
914 2162 985 2229 Nili
1011 2165 1105 2228 enim
1127 2161 1203 2259 quia

85 2244 185 2332 prius
217 2247 361 2312 edisserit
389 2251 546 2336 quorsum
576 2249 717 2326 cecidit,
753 2266 786 2312 et
817 2251 908 2313 unde
929 2247 1054 2334 incipit
1073 2249 1203 2310 redunt

86 2345 247 2406 naturae,
273 2347 306 2396 et
327 2353 492 2428 perquer
513 2336 637 2419 gradue
661 2331 827 2406 ascendit,
851 2346 885 2396 et
902 2331 984 2416 quid
1000 2328 1144 2417 appetit,
1169 2341 1205 2391 et

87 2411 127 2478 in
150 2434 217 2511 quo
240 2415 379 2490 definrt,
404 2437 473 2480 non
496 2414 595 2480 sacile
617 2419 710 2502 quod
731 2415 844 2480 aslruit
867 2413 1028 2480 suadebit.
1054 2416 1114 2474 ·D.
1145 2409 1203 2476 Nil

86 2517 223 2574 varrus,
260 2513 301 2562 ut
327 2498 478 2566 arbitror.
523 2499 609 2584 Quia
639 2501 731 2564 enim
761 2513 900 2563 naturae
928 2495 1077 2562 reditum
1103 2494 1204 2558 facile

85 2581 244 2656 suaserit,
281 2585 306 2646 li
336 2605 407 2648 non
429 2599 597 2680 antequo
618 2581 763 2658 cecidit,
799 2596 940 2668 etquo,
976 2594 1010 2643 et
1031 2579 1204 2664 quomodo
1259 2617 1270 2640 .

84 2665 261 2728 reversura
289 2666 327 2728 lit
355 2665 454 2731 certia
486 2663 756 2730 ratiocinationis
778 2661 1127 2750 argumentationibus
1150 2681 1206 2744 ap·

87 2747 270 2832 probarit?
301 2750 349 2811 M.
372 2752 470 2814 Unde
493 2749 638 2822 cecidit,
664 2765 697 2812 et
719 2767 786 2834 quo
809 2745 983 2833 pervenit,
1016 2743 1104 2808 nulli
1126 2741 1207 2806 fide·

85 2830 176 2896 lium
204 2831 420 2918 incognitum
452 2833 513 2906 eli,
542 2831 709 2896 Psalmista
738 2830 891 2895 dicenter
933 2833 1041 2894 Homo
1067 2849 1138 2890 cum
1172 2827 1207 2888 iu

87 2917 211 2980 honore
232 2911 329 3007 effer,
352 2939 416 2982 non
438 2917 626 2992 intellexit,
659 2911 869 2996 ‘comparatus
890 2912 938 3060 ¹esi
950 2914 1112 3002 jumentis
1132 2905 1208 2998 infl-

85 2999 278 3082 pientibus,
310 3015 344 3064 et
368 2997 493 3090 fimitis
504 2993 627 3088 fartus
647 2998 696 3149 est
715 3000 793 3062 iltis.
836 3001 888 3060 De
903 2997 993 3060 eruit
1013 2995 1127 3080 itaque
1148 2995 1208 3058 ho·

86 3103 210 3148 norem
233 3083 368 3148 divinae
389 3083 565 3171 imaginia,
598 3082 855 3166 coeciliumque
876 3079 1041 3145 virtutum
1063 3073 1209 3173 aequali·

91 3165 198 3242 tatia,
220 3165 346 3232 cecidit
367 3183 478 3232 autem
500 3167 537 3232 in
559 3166 812 3231 similitudinem
834 3161 1115 3229 irrationabilium
1139 3180 1209 3226 ant·

90 3249 244 3314 mulium.
289 3249 446 3314 Terrenis
477 3273 623 3337 namque
650 3245 916 3335 cupiditatibus,
952 3245 1208 3330 carnalibusque
1309 3299 1319 3312 .

94 3333 266 3398 desideriis
287 3333 490 3420 opprimitur
511 3351 648 3407 natura,
672 3354 757 3420 quae
780 3333 823 3394 ad
844 3331 996 3396 coelestia
1019 3329 1209 3426 appetenda
1297 3343 1300 3350 ’

92 3433 130 3482 et
159 3417 328 3504 diligenda
358 3416 555 3482 naturaliter
585 3417 628 3482 est
654 3413 814 3482 condita:
853 3413 1076 3480 irrationabili
1111 3424 1221 3476 motu.
1305 3429 1312 3444 ·

90 3502 262 3576 volvitur,
305 3522 390 3588 quae
426 3501 557 3564 ratione
588 3498 653 3562 frui
688 3499 953 3585 comparabatur.
1006 3498 1085 3561 Non
1118 3489 1211 3557 enim

93 3586 140 3650 eli
169 3583 310 3650 beslialie
341 3599 471 3658 motus,
505 3581 563 3668 qui
585 3605 656 3649 non
677 3583 713 3647 in
736 3580 877 3646 homine
896 3581 1070 3668 postquam
1092 3595 1209 3663 pecca·

92 3667 149 3732 vit
171 3692 242 3734 non
265 3670 553 3755 deprehendaturr
578 3681 612 3730 et
631 3681 671 3729 ut
683 3681 774 3730 certa
792 3667 891 3730 docet
903 3660 1009 3736 ratio,
1031 3663 1211 3754 reprehen-

93 3752 189 3818 ditur
209 3753 246 3818 in
267 3753 432 3825 homine,
456 3753 548 3836 quod
569 3752 727 3816 laudatur
745 3749 782 3813 in
804 3745 915 3812 bestia.
960 3743 1096 3892 quares
1121 3745 1211 3826 Qura

92 3835 133 3900 in
171 3835 271 3902 beslia
292 3831 532 3901 irrationabilis
552 3850 666 3899 motus
687 3830 885 3898 naturaliter
907 3830 964 3892 sub
991 3827 1060 3892 siit:
1086 3824 1130 3902 in
1152 3828 1210 3893 ho.-

92 3919 190 3986 mine
200 3943 279 3986 vero
294 3935 587 3986 coatranaturam.
609 3915 906 4064 ssuicqmdautem
917 3913 1102 3979 seeundum
1114 3925 1210 3974 natu·

93 4025 169 4070 ram
189 4005 326 4070 inlitum
348 4005 408 4080 cll,
441 4007 611 4070 bonumc
647 4022 656 4063 a
692 3996 855 4098 quicquid
876 4018 956 4066 vero
979 4009 1095 4062 contra
1116 4007 1213 4060 natu·

93 4109 170 4154 ram
200 4087 452 4175 superadditum
475 4085 538 4164 est,
576 4105 728 4173 quamne
747 4083 787 4146 in
808 4080 935 4146 bestiali
957 4078 1135 4178 spbslantia
1155 4077 1213 4140 bo'·

98 4193 186 4238 num
215 4173 273 4248 sn,
305 4169 440 4240 homini
472 4184 585 4242 tamen
615 4165 864 4236 inconvenieua
884 4179 920 4232 et
942 4166 1099 4232 altanum.
1141 4157 1215 4227 uec.
