2922 4978
299 224 381 334 dds
616 225 673 296 lle
692 222 874 296 Dioriione
894 223 1067 295 Naturae.
1109 289 1113 314 ,
1149 241 1151 247 ’
1227 304 1229 315 Α

298 431 412 478 reruni
443 408 704 498 temporalibus,
737 409 804 476 sire
824 431 886 498 per
907 407 1134 497 generationis
1155 408 1218 474 sire
1261 431 1292 476 rr
1309 413 1382 478 loca·

298 494 404 561 litatis
432 510 581 570 motum,
625 496 734 581 deque
762 493 1037 592 contemplativis
1065 431 1318 579 intelligibiiium
1342 493 1382 560 in·
1429 545 1430 562 ,

298 577 526 654 choamentia,
557 597 642 664 quae
671 577 786 642 animo
817 578 1033 666 percipimur.
1075 577 1123 642 Ac
1146 599 1205 664 per
1223 580 1286 644 hoc
1323 597 1384 642 uor-

298 665 371 728 sum
396 662 495 727 istaec
519 683 604 748 quae
626 683 644 724 a
666 675 700 725 te
723 658 911 726 dictasunt
933 664 975 728 de
998 665 1073 726 Deo
1092 663 1240 748 exempla
1253 600 1382 736 terimi,

297 749 454 812 nondum
476 744 562 810 mibi
583 745 670 809 clare
691 743 845 831 patescit.
891 788 894 802 ,

359 830 389 895 6.
412 831 460 894 Μ.
484 829 593 894 Miror
614 849 674 892 cur
694 827 807 891 tantae
829 825 996 892 tarditatis
1017 825 1077 903 sia,
1100 841 1136 890 ut
1158 828 1308 915 quorsum
1322 823 1386 890 talia

298 915 446 978 tendunt
479 933 551 978 non
584 910 670 975 clare
724 908 892 996 erspiciai.
941 913 1028 976 Nam
1060 911 1173 975 omnia
1203 925 1385 998 argumenta,

297 1017 384 1083 quae
415 1018 456 1060 ex
483 1011 603 1062 natura
632 935 835 1060 sensibilium
866 1007 901 1057 et
929 992 1199 1081 intelligibilium
1223 989 1387 1062 introduxi·

296 1102 395 1155 mua,
433 1081 474 1143 ad
503 1083 571 1143 hoc
593 1076 795 1162 respiciunt;
829 1091 870 1141 ut
891 1079 1181 1162 quemadmodum
1197 1078 1386 1163 unumquod-

297 1185 365 1250 que
396 1165 438 1227 ad
470 1163 567 1226 suum
592 1161 802 1260 principium
830 1159 898 1226 sive
924 1161 1076 1226 sensibile
1111 1161 1178 1226 five
1197 1157 1389 1247 intelligibile

212 1267 218 1280 ·
297 1246 496 1312 naturaliter
524 1259 659 1330 cogitur
689 1244 816 1318 redire,
852 1243 901 1308 ita
927 1244 1029 1310 etiam
1054 1246 1237 1311 humanam
1256 1256 1389 1310 naturam

297 1333 341 1394 ad
368 1331 463 1404 suuni
491 1327 721 1430 principium,
753 1328 847 1415 quod
868 1326 964 1419 ,nibil
992 1326 1085 1394 aliud
1112 1329 1156 1392 esi
1185 1342 1310 1426 praeter
1336 1321 1389 1387 Dei

296 1415 455 1489 verbum,
494 1433 532 1476 in
554 1431 622 1498 quo
645 1412 789 1484 atficta
811 1409 855 1475 est
875 1426 909 1474 et
929 1411 1257 1478 incommutabiliter
1273 1405 1390 1472 subsistit

297 1511 333 1561 et
352 1495 456 1572 vivit,
491 1496 694 1560 reversuram
719 1495 782 1558 ess'e
802 1493 1041 1561 incunctanter
1062 1495 1248 1570 credimur,
1279 1485 1390 1558 certiffi·

295 1579 428 1668 mirque
459 1601 573 1645 rerum
607 1576 962 1666 argumentationibua
997 1578 1147 1646 roborati
1181 1573 1391 1662 intelligimus·

296 1663 334 1730 Si
356 1665 446 1728 enirn
470 1662 625 1730 omnium
644 1684 758 1730 rerum
779 1683 865 1749 quae
886 1663 964 1728 sunt
984 1678 1020 1761 et
1040 1685 1126 1762 quae
1146 1683 1220 1728 non
1244 1662 1330 1734 sunt,
1349 1677 1388 1718 ea·

180 1775 182 1783 ·
296 1770 372 1812 rum
407 1746 485 1813 dieo
516 1769 602 1834 quae
623 1747 773 1834 corporis
795 1746 940 1811 sensibus
962 1769 1135 1834 animique
1157 1738 1392 1828 contemplatio

296 1829 398 1918 nibua
419 1832 662 1905 succumbunt,
686 1850 867 1917 earumque
889 1851 975 1916 quae
989 1851 1048 1896 cor
1073 1831 1181 1895 oralea
1196 1828 1304 1894 sensui
1319 1843 1393 1890 meu·

296 1912 409 2000 risque
437 1914 632 1980 contuitum
660 1935 741 1999 prae
771 1911 879 1978 nimia
909 1915 986 1977 suae
1007 1854 1209 1978 substantiae
1231 1905 1392 1976 subtilitate

298 2013 333 2066 et
354 1997 533 2074 altitudine
555 1995 715 2082 fugiunt,
736 1999 830 2060 Deua
852 1994 1061 2084 principium
1083 1997 1143 2072 est,
1169 2011 1205 2060 et
1226 1995 1331 2094 ipsunt
1351 2011 1393 2072 ap·

296 2083 439 2166 petunt,
474 2095 509 2145 et
545 2079 715 2166 appetitur
737 2085 851 2143 earum
872 2082 966 2144 nulla
985 2081 1136 2156 ratione,
1172 2101 1218 2146 ne
1239 2079 1318 2142 illuc
1337 2092 1394 2160 per·

295 2162 433 2235 veniat,
465 2162 685 2250 prohibetur,
715 2161 798 2249 quid
825 2163 968 2239 mirum,
999 2165 1024 2228 si
1051 2167 1093 2228 de
1124 2167 1276 2228 bumana
1296 2173 1395 2223 natura

296 2257 383 2334 qu'ae
414 2245 602 2330 specialiter
633 2249 676 2309 ad
704 2245 890 2346 imaginem
920 2263 954 2310 ct
975 2245 1235 2312 similitudinem
1257 2243 1396 2334 uniutnet

296 2328 488 2395 communie
510 2327 666 2394 oninium
685 2328 848 2416 principii
869 2329 957 2394 iacta
980 2331 1042 2406 eit,
1076 2347 1110 2393 et
1132 2333 1290 2396 credatur
1310 2339 1342 2389 et
1357 2341 1397 2383 in·

295 2411 484 2499 telligatur,
509 2413 602 2500 quod
621 2411 704 2478 illuc
726 2412 897 2484 reversura
916 2413 1061 2478 fituiide
1075 2415 1232 2500 profecta
1246 2411 1298 2486 est,
1318 2423 1395 2495 prees

294 2495 409 2560 sertim
431 2518 510 2562 curn
524 2515 602 2564 ⁴non
623 2495 672 2558 ita
691 2496 773 2560 inde
793 2496 946 2582 prosecta
969 2498 1032 2571 est,
1061 2513 1101 2560 ut
1122 2494 1268 2562 omnino
1289 2489 1395 2578 princi·

232 2585 234 2590 ’
295 2578 392 2665 pium
414 2579 464 2644 sui
487 2577 691 2655 deseruerim
713 2575 842 2671 inipso
863 2579 979 2654 enim,
1008 2593 1050 2644 ut
1070 2579 1118 2644 ait
1137 2579 1335 2666 Apostolus·
1359 2571 1397 2665 v}

293 2666 421 2738 vimus,
445 2675 683 2736 removemur,
706 2661 885 2756 etsumusr
917 2662 975 2726 sed
996 2666 1088 2750 quod
1132 2666 1259 2728 uadum
1282 2653 1396 2722 diffini·
1429 2685 1430 2714 ³

291 2745 442 2812 litudine
487 2763 602 2834 ropter
619 2761 798 2832 peccatum
816 2746 1006 2812 decolorata
1020 2746 1081 2820 eil,
1106 2687 1236 2812 dicitur
1247 2737 1397 2808 receffite.

298 2771 495 2896 simitiiuiio
515 2851 663 2928 namque
684 2830 768 2894 fecit
788 2828 994 2916 proximam,
1029 2827 1265 2894 dissimilitudo
1284 2818 1398 2908 longia

133 2905 136 2912 ’
251 2955 256 2972 ·
296 2935 408 3012 quam.
451 2915 530 2977 Non
553 2935 645 2978 enim
666 2909 825 2999 greffibua
849 2911 1020 2998 corporis,
1044 2914 1100 2977 sed
1122 2912 1303 2978 affectibus
1320 2925 1397 2971 men·

293 3010 341 3061 tia
373 2997 552 3094 elongatur
581 2999 721 3072 aDeo,
755 3011 814 3061 aut
836 2995 868 3059 ei
889 2995 1192 3084 appropinquatur.
1237 2990 1398 3058 Localibui

294 3079 483 3144 intervallis
514 3102 533 3144 a
553 3079 652 3144 solari
672 3081 748 3144 luce
768 3099 840 3144 non
860 3077 1049 3156 receditur,
1080 3079 1138 3144 sed
1158 3079 1216 3143 vel
1239 3077 1397 3142 oculorum

293 3161 508 3249 privatione,
532 3163 586 3226 vel
609 3161 848 3237 conniventia,
870 3163 925 3226 rel
947 3161 1033 3227 lucia
1053 3161 1155 3260 ipsius
1179 3159 1312 3226 occasu.
1356 3157 1398 3219 Si·
1429 3199 1430 3202 ,

279 3247 383 3308 *nitar
405 3266 475 3310 non
496 3248 574 3311 loco
598 3245 776 3322 deseritur,
802 3245 861 3309 sed
883 3246 1009 3312 dolore.
1039 3245 1205 3310 Similiter
1226 3243 1318 3316 viti,
1337 3241 1396 3302 bea·
1429 3214 1430 3300 i

294 3326 428 3403 titudo,
452 3326 633 3415 sapientia,
656 3349 841 3415 omnesque
856 3326 999 3392 virtuter
1015 3351 1084 3394 non
1104 3328 1202 3392 aliter
1216 3325 1304 3391 relin
1328 3341 1397 3386 uun·
1429 3329 1430 3376 ἒ

294 3425 352 3474 tur
371 3412 408 3475 in
424 3411 492 3476 suia
532 3410 774 3477 rivatiouibue:
795 3427 905 3476 morte
920 3411 1062 3486 scilicet,
1083 3412 1242 3486 miseria,
1266 3345 1395 3474 [tuitiiii
1429 3403 1430 3424 ¹

289 3493 469 3584 vitiisque.
509 3436 556 3558 it
584 3496 669 3560 siout
698 3493 786 3559 cutia
818 3494 959 3578 humani
991 3515 1049 3559 cor
1076 3495 1141 3560 oria
1162 3497 1283 3580 leprae
1303 3503 1398 3556 conta·
1429 3509 1430 3574 ᾗ

293 3577 397 3665 gione
431 3578 710 3665 deformitateque
768 3577 950 3642 ercutitur:
983 3519 1200 3641 ficiumana
1222 3592 1341 3641 natura
1360 3571 1374 3632 s
1388 3603 1397 3618 ·

183 3743 185 3746 Ι
292 3664 396 3746 perba
426 3660 660 3728 inobedientia
690 3661 816 3725 inccta
839 3675 874 3724 et
895 3680 994 3726 curru
1020 3675 1053 3726 ta
1073 3661 1141 3736 eil,
1168 3657 1397 3746 deformiaque·

293 3760 329 3809 et
359 3744 529 3811 conditori
560 3745 620 3810 suo
649 3741 812 3810 diffimilie
842 3745 942 3810 sacta.
1019 3745 1179 3842 equale
1205 3765 1245 3808 ra
1266 3764 1342 3808 cum
1362 3739 1397 3798 dt·

292 3826 394 3892 vinae
418 3828 543 3914 gratiae
565 3827 735 3894 medicina
757 3827 897 3892 liberata
917 3825 1042 3905 fuerit,
1064 3849 1101 3895 in
1122 3767 1302 3914 prisiinaui
1322 3836 1397 3886 reve

292 3910 424 3975 cabitur
446 3911 701 3978 formositatem:
724 3935 758 3978 in
805 3909 899 3998 'aque
920 3909 1120 3986 dicendum,
1144 3911 1244 3998 quod
1266 3907 1334 4006 ipsi
1353 3924 1396 3995 ur·

292 4007 377 4058 tura·
396 4011 482 4080 quae
504 3996 547 4058 ad
567 3933 837 4080 imaginemiii
857 3994 947 4059 sacta
966 3993 1026 4070 esi,
1066 3995 1144 4058 suae
1165 3987 1397 4081 pulcritudine

290 4074 444 4162 rigorem
482 4073 781 4167 integritatemque
813 4076 970 4142 essentiae
1000 4098 1220 4168 nequaquam
1252 4070 1396 4162 perdidit.

289 4179 402 4247 neque
421 4161 563 4247 perdere
582 4160 700 4250 potest.
742 4157 870 4258 Divina
891 4157 1054 4248 siquidem
1074 4161 1185 4228 forma
1207 4161 1339 4246 semper
1357 4151 1394 4214 in·

494 4331 523 4372 0
