2942 4976
289 189 422 278 rot·
543 223 546 238 ·

287 389 436 477 impleut
457 388 620 455 vativomi
664 385 850 478 rognostica
871 384 1018 469 symbola
1036 379 1116 451 ceti.

286 475 431 539 Umbrae
451 488 536 538 tunc
556 471 635 560 pavi
680 495 699 537 e
720 473 851 559 sparsim
869 468 1124 557 Phlegethontia
1146 471 1187 536 ab
1207 468 1277 536 imo

286 555 441 624 Eoriliunt
464 555 572 622 subito
592 557 753 622 miranter
776 556 908 644 surgere
926 555 1035 619 lucem

288 642 406 705 Tetrar
428 656 528 729 atque
550 655 661 705 truces
684 639 876 728 abigentem
898 657 1026 704 carcere
1046 637 1164 702 larraa.

289 725 318 788 0
340 745 449 800 mort,
472 745 562 789 mora
584 723 689 790 vitae!
711 723 736 788 fi
757 743 866 804 mora,
888 743 959 786 non
979 719 1047 784 rita
1068 721 1240 786 vocandae

287 809 391 953 guod
413 808 551 894 praestat
572 807 696 884 vitam,
718 829 789 873 non
813 807 914 871 anfim
937 803 1044 870 dicere
1064 815 1218 868 mortem.

279 893 283 917 ''
321 913 379 955 um
403 895 556 957 tenebrae
576 890 700 980 recipit
721 894 808 956 clare
828 886 1004 955 substantio
1022 885 1139 952 lucios

288 973 429 1041 Fervida
447 974 500 1040 via
521 973 610 1074 ignia
632 971 737 1041 ceacit
760 974 785 1056 ¹)
806 972 866 1042 fibi
890 973 1017 1119 serpere
1038 967 1170 1070 sriguoi
1212 996 1216 1002 ·

286 1059 396 1122 Nemo
418 1074 528 1124 tamen
552 1074 657 1124 artam
678 1073 822 1124 mortem
917 1079 932 1119 a
960 1067 1139 1142 enegarlta

287 1143 379 1206 Mora
401 1131 509 1207 cainia
531 1141 638 1219 vitae,
661 1142 752 1207 vitae
773 1162 864 1212 mora
884 1144 958 1222 iure
978 1154 1134 1203 vocaturt

287 1226 374 1288 Nam
395 1226 557 1313 compassa
579 1226 645 1302 fuit
665 1224 759 1291 carni
780 1246 866 1314 quae
888 1225 954 1288 sola
974 1221 1146 1308 pependit.

285 1305 395 1373 Altius
416 1309 606 1396 ingreditur
626 1329 731 1398 purae
751 1307 892 1374 rationis
915 1325 1066 1382 acumen,
1138 1357 1142 1366 .

245 1467 247 1472 ι
286 1392 330 1453 Et
351 1391 598 1458 carnem'vitae
620 1394 726 1462 vitam
747 1393 792 1458 lic
812 1389 942 1479 colligit
962 1391 1043 1454 esser
1102 1397 1110 1408 ”

285 1474 321 1538 Si
342 1473 413 1539 vita
435 1475 479 1540 eil
500 1478 662 1551 Verbum,
684 1476 830 1542 Verbum
852 1473 1030 1562 quoquest
1051 1489 1127 1537 caro
1147 1469 1285 1543 iactum.

283 1557 441 1625 Profecto
463 1559 612 1646 sequitur
632 1560 737 1626 vitam
760 1561 946 1632 concedere
968 1575 1114 1624 carnem.

249 1674 253 1680 ·
286 1640 323 1705 Si
344 1661 421 1708 caro
442 1643 481 1707 fit
500 1646 645 1710 Verbum
667 1641 828 1708 converso
852 1641 984 1711 tramite
1006 1641 1105 1714 sacta,

282 1723 428 1792 Carnem
449 1726 614 1792 continuo
637 1727 743 1794 vitam
765 1729 842 1791 dare
864 1747 904 1792 co
929 1745 983 1789 ere
1004 1723 1128 1788 saetam

229 1805 230 1814 ¹
284 1803 387 1899 Σᾶρξ
408 1809 513 1897 igitur
533 1809 653 1876 christi
675 1811 795 1876 substat
815 1809 886 1874 veri
926 1831 978 1874 ma
1001 1803 1082 1882 uita,

281 1889 405 1957 Vivent
427 1915 465 1958 ac
486 1894 633 1959 morione
654 1907 798 1965 mortem
820 1893 1069 1980 consumpserat
1090 1903 1236 1956 omnem·

281 1974 462 2040 Desursum
483 1976 580 2042 venit
601 1992 766 2050 terrenam
789 1977 917 2045 sumere
938 1975 1070 2050 veliem,

280 2060 425 2125 Indutua
449 2060 570 2125 vestem
590 2060 718 2126 sursum
739 2081 817 2126 cnm
837 2061 926 2125 vesle
946 2057 1087 2132 volarit,

280 2143 389 2227 Inque
412 2144 524 2207 Deum
542 2143 646 2208 vertit
665 2143 788 2208 vestem
810 2146 853 2208 de
875 2142 1009 2230 virgine
1034 2142 1210 2226 sumptam.

281 2225 396 2290 Unum
419 2224 604 2292 conficient
626 2224 773 2295 animum
795 2246 997 2313 carnemque
1017 2227 1197 2310 Deumque
1218 2213 1248 2294 'l

279 2308 376 2373 Mora
395 2309 513 2375 mortio
534 2310 704 2378 Dominae
718 2301 989 2375 inmonissvivua
1011 2307 1048 2372 in
1073 2309 1191 2378 altum

280 2390 329 2457 Ac
348 2392 490 2457 nostram
512 2394 624 2458 secum
647 2409 801 2462 naturam
823 2393 915 2458 vexit
940 2395 1070 2460 eodem.

278 2477 318 2539 ln
341 2489 411 2541 tota
432 2477 564 2554 factor,
587 2489 693 2547 totam
716 2479 906 2544 conformat
926 2475 963 2540 in
984 2493 1105 2540 unum.

277 2559 447 2626 Mundum
470 2559 611 2628 caleavit
632 2560 801 2650 frigilem,
823 2559 1012 2650 mundique
1031 2568 1219 2647 potentem,

279 2643 529 2731 Expulsumque
551 2643 639 2724 sorae
661 2637 831 2733 superarit
849 2659 956 2710 marte
977 2642 1138 2708 secundo.

280 2725 459 2812 Captivam
479 2749 640 2794 revocant
660 2729 818 2816 praedam
838 2726 984 2816 raptorio
1006 2728 1047 2791 ab
1069 2741 1128 2789 ore

278 2809 447 2887 Abstulit,
469 2810 526 2875 ille
551 2813 656 2900 gemit
672 2813 844 2878 consollua
865 2813 1016 2878 membra
1036 2807 1198 2896 superbae

278 2893 481 2982 Vulneribua
506 2895 617 2971 duria,
641 2897 813 2961 aciacum
836 2895 914 2960 talia
936 2909 1100 2959 tractatae:

278 2976 338 3039 Me
358 2975 487 3044 victum
508 2976 610 3046 video
632 2979 836 3066 fugitivumr
858 2975 992 3044 sedibus
1013 2974 1093 3040 atria

279 3059 378 3206 &uae
397 3080 487 3125 nova
506 3063 565 3126 lux
588 3062 713 3139 oritur,
736 3085 837 3150 quam
858 3081 1044 3148 numquam
1068 3059 1152 3121 serre
1172 3041 1320 3144 valebo?

313 3163 382 3208 unc
401 3143 487 3208 mihi
508 3165 612 3231 regna
631 3161 738 3210 ruunt
756 3144 895 3233 paffim,
918 3146 993 3210 loca
1014 3141 1108 3208 nulla
1129 3133 1288 3201 t'euebna.

276 3225 395 3292 Sentio
407 3242 472 3292 ‘me
491 3244 628 3328 captum
649 3228 811 3316 pavidum
832 3225 1024 3375 vinclistpue
1044 3223 1227 3313 ligatum-⁰

277 3311 376 3373 Eheu
397 3309 471 3398 quic
492 3311 578 3376 mrbi
603 3311 848 3400 congreditur?
872 3311 947 3400 quia
984 3306 1066 3376 orti·
1087 3308 1125 3370 in
1145 3313 1246 3368 amit

275 3395 393 3458 Audax
414 3393 598 3461 committit
619 3396 740 3461 mundi
765 3399 845 3461 cuni
864 3390 1022 3481 principe
1041 3383 1196 3457 bellum?

275 3476 379 3541 lllene
401 3477 553 3544 oonfirna
572 3477 668 3568 liguo
688 3479 869 3627 sepmapuc
890 3479 1080 3565 sepulchro.

277 3557 389 3643 Quem
407 3581 465 3626 rex
486 3565 637 3629 Heroden
658 3562 786 3650 sprevit
818 3581 1021 3649 ummuaque
1042 3556 1205 3628 sacerdus

162 3637 164 3642 ’
275 3643 331 3706 liu
357 3656 410 3706 tua
430 3665 501 3710 uon
523 3646 640 3713 timuit
658 3647 782 3716 restem
804 3649 962 3712 damnare
983 3643 1143 3731 eaipbu.

275 3665 440 3792 Adiictua
460 3729 561 3792 morti
570 3777 592 3828 ,ι
600 3745 744 3800 romano
764 3729 921 3818 principe
941 3729 1068 3796 caesum
1167 3743 1170 3750 ⁴

275 3810 352 3874 Hoc
374 3830 392 3872 e
416 3826 507 3875 omet
528 3810 594 3912 fec}
615 3815 724 3879 sateor
744 3827 923 3912 totumque
943 3809 1070 3899 peregi.

273 3893 333 3958 Me
415 3909 489 3960 tum
508 3894 611 3961 latuit
629 3897 737 3964 virtu·
758 3899 967 3985 humiliaque
986 3891 1150 3984 potestate

306 4089 336 4154 l)
354 4089 398 4142 lla
415 4087 474 4143 cod.
494 4078 565 4146 Num
584 4101 634 4163 pro
653 4093 752 4149 cernit?

305 4157 334 4234 2)
351 4157 494 4230 Perrpieue
511 4163 638 4217 confutat·
654 4162 809 4220 Nertorium
826 4171 921 4222 notter
937 4157 1041 4216 Scotto
