2856 4978
449 221 557 298 trae
577 221 744 308 oanan
796 221 800 226 ·
1070 221 1146 318 aar

60 404 169 494 rena,
198 405 253 471 vs
280 403 439 494 mnae,
470 406 731 494 vermescant
751 359 891 494 plusne
933 407 983 474 ru.
1005 405 1042 488 Si
1063 427 1143 494 erga

58 493 207 558 humanas
225 502 366 566 naturae
387 505 466 556 ante
489 506 665 578 peccatum
687 491 798 558 inerat
819 505 853 554 et
877 485 997 554 suimet
1016 489 1145 576 persec-

58 589 86 638 ta
103 569 247 660 cognitio
269 588 304 638 et
327 571 483 639 creatoris
503 573 576 650 sui,
605 575 689 660 qnid
709 573 833 640 mirum
854 573 878 638 sa
898 571 1145 640 rationabiliter

58 657 93 722 de
113 677 149 721 ea
167 652 373 742 intelligatur
392 655 577 743 plenissima
598 657 736 723 scientia
756 654 913 722 similium
933 656 985 720 sui
1010 671 1143 722 natura·
1196 661 1205 686 “

56 757 140 813 rum,
159 753 197 802 ut
216 737 293 804 sunt
314 737 469 806 coelestes
489 740 660 817 menuae,
685 757 719 804 et
738 738 938 806 inferiorum
958 740 1008 814 se,
1037 753 1077 804 ut
1096 739 1166 805 ell.
1196 759 1205 770 ·

55 822 188 888 mundns
214 820 271 885 isle
292 843 370 888 cnm
391 823 579 890 rationibus
600 822 667 888 suia
687 821 877 888 intellectui
896 821 1143 886 succumbenti·

54 905 126 981 bus,
146 902 291 970 babu'iss‘e
311 922 347 970 et
365 910 476 986 adhuc
496 909 564 972 sola
583 906 812 994 possibilitate,
835 920 870 970 et
883 905 990 991 reipsa
1006 904 1042 970 in
1057 905 1143 974 sum·
1163 985 1166 993 ἢ
1249 915 1251 920 ’

53 984 108 1051 mis
126 986 343 1054 bominibus?
366 993 408 1054 D.
432 988 529 1056 Clare
548 990 816 1076 intelligentibus
837 1010 909 1054 non
932 987 995 1052 erit
1007 987 1141 1064 mirum,

53 1070 102 1133 sed
125 1089 240 1136 verum
275 1087 310 1136 et
336 1073 524 1140 verisimile.
566 1076 614 1138 M.
645 1077 771 1162 Magna
797 1073 869 1136 laus
888 1070 980 1136 enirn
1002 1093 1040 1136 ac
1063 1093 1144 1136 vera

53 1154 392 1233 hemmerannum,
424 1157 495 1223 imo
521 1156 622 1223 etiam
652 1157 743 1222 illius
772 1155 832 1242 qni
862 1155 907 1219 fic
937 1177 1010 1220 eam
1031 1175 1144 1222 creare

52 1233 159 1300 voluit.
201 1238 415 1326 Quapropter
445 1244 492 1307 de
507 1239 686 1310 intellectu
706 1261 842 1327 quoque
862 1237 953 1303 illins
975 1253 1008 1302 et
1029 1236 1144 1326 cogni·

38 1315 136 1382 ¹tione
162 1319 312 1386 similiter
342 1323 598 1411 accipiendum,
631 1340 672 1389 ut
700 1323 792 1388 enim
819 1321 982 1470 sapientia
1001 1321 1144 1386 creatrix

52 1403 132 1486 qnod
151 1404 194 1466 est
212 1406 354 1472 verbum
375 1407 459 1484 Dei,
482 1408 596 1477 omnia
617 1406 760 1494 quaein
785 1428 824 1470 ea
859 1419 931 1469 acta
946 1403 1144 1502 luntprina·

51 1505 137 1628 paam
165 1485 287 1552 fierent
314 1489 423 1566 vidit,
456 1486 592 1592 ipsaque
618 1490 702 1556 vifio
724 1488 851 1586 eornm'
862 1509 927 1586 qna
947 1509 1163 1575 pnusquamn

73 1582 158 1632 arent
187 1569 259 1634 visa
280 1572 379 1648 sunt,
410 1596 489 1640 vera
510 1591 545 1640 et
565 1573 911 1646 incommunicabilia,
942 1586 1144 1657 aeternaque

52 1649 172 1746 essentia
191 1653 255 1718 est:
287 1654 335 1718 ita
358 1673 468 1723 creata
488 1657 652 1745 sapientia
673 1679 757 1744 quae
779 1657 823 1720 est
842 1659 989 1720 humana
1011 1669 1143 1731 natura,
1211 1687 1216 1701 ·

51 1751 151 1799 ornnra
179 1757 278 1823 quaer
294 1737 332 1804 in
359 1740 394 1802 se
423 1742 511 1807 facta
539 1742 617 1806 sunt
649 1742 844 1828 priusquam
865 1738 986 1802 fierent
1006 1737 1144 1836 cognita
1191 1744 1196 1754 ’
1274 1811 1279 1820 ,

50 1814 116 1878 suat
142 1839 220 1886 vera
243 1821 379 1886 essentia
400 1840 435 1888 et
455 1823 648 1893 inconcussa
669 1825 728 1888 est:
762 1823 907 1910 proinde
928 1821 998 1906 ipsa
1019 1819 1145 1888 notitia

49 1897 217 1983 sapientiae
239 1903 409 1990 creatricis
427 1907 537 2002 prima
557 1903 763 1994 causalisque
783 1906 888 1971 totius
910 1919 1080 1968 creaturae
1098 1904 1144 1968 es·

49 1980 142 2047 sertia
160 2001 254 2052 recte
273 1987 476 2076 intelligitur
496 1991 578 2068 else,
599 1990 752 2078 cognitio
777 2010 857 2054 vero
873 2002 1002 2054 creatae
1016 1989 1048 2052 sa
1073 1986 1145 2052 ien-

49 2062 106 2128 tiae
129 2067 277 2134 secunda
308 2072 444 2138 essentia
468 2089 503 2138 et
522 2073 702 2174 superioris
722 2072 865 2139 notitiae
884 2070 1024 2138 effectus
1046 2011 1145 2136 iubo-

47 2142 161 2214 sitiet
180 2155 277 2240 qnod
298 2152 443 2222 diximus
465 2160 508 2222 de
527 2179 637 2245 prima
656 2173 693 2223 et
713 2155 835 2230 causali
856 2155 990 2222 essentia
1005 2156 1043 2218 in
1056 2169 1160 2220 crea·'

48 2227 128 2296 tricia
147 2233 333 2323 sapientiae
353 2239 497 2306 notione
518 2241 716 2316 constituta,
748 2245 857 2327 deque
876 2237 1021 2303 secunda
1042 2254 1077 2302 et
1098 2237 1144 2302 es·

47 2311 158 2413 fectiya
184 2341 274 2408 quae
302 2319 340 2384 in
367 2321 479 2388 anima
505 2328 653 2390 humana
681 2324 845 2388 subfistere
865 2343 936 2386 non
955 2321 1145 2408 incongrue

48 2396 197 2479 asentura
221 2405 267 2469 de
287 2405 446 2472 omnibus
465 2407 615 2472 similiter
636 2429 721 2494 quae
743 2406 832 2472 circa
852 2403 1022 2470 essentiam
1037 2405 1143 2470 totius

47 2497 203 2552 creaturae
234 2485 500 2572 dignoscuntur,
534 2490 773 2556 incunctanter
798 2488 1058 2584 intelligendum
1088 2487 1142 2552 est.

48 2563 145 2645 Omne
164 2570 330 2657 liquidem
352 2575 579 2660 quodcunque
599 2573 799 2640 inhumana
814 2570 1039 2670 intelligentia
1055 2570 1144 2634 circa

47 2644 226 2745 substantias
257 2675 369 2720 rerum
398 2657 629 2732 constituitur,
666 2679 706 2722 ex
733 2656 804 2742 ipsa
831 2653 955 2719 notitia
975 2652 1152 2732 creatricis¹

45 2727 217 2816 sapientiae
248 2755 458 2824 procreatam
484 2739 683 2826 sapientiam
714 2741 896 2826 procedere
927 2752 1018 2802 recta
1045 2751 1144 2800 natu·

45 2833 94 2876 rae
114 2819 347 2898 ‘confideratio
379 2825 534 2888 declarat.
578 2825 837 2890 Conllituuntur
857 2834 969 2886 antem
990 2820 1079 2884 circa
1099 2821 1145 2883 es·
1185 2851 1194 2862 -

44 2893 155 2966 sentias
174 2904 315 2990 quidem
336 2905 464 2993 species
487 2907 670 2982 sensibiles,
706 2904 927 2992 quantitates,
978 2899 1143 2976 ualitates,

46 2979 131 3076 lqca,
152 2999 326 3075 tempora,
356 3005 391 3053 et
410 2987 528 3054 similia
548 2991 617 3056 fine
638 2989 760 3076 quibua
782 2986 916 3052 essentia
937 2925 1000 3050 ede
1020 2984 1145 3053 intelli·

43 3081 161 3207 panon
182 3069 302 3158 potest.
346 3073 572 3158 Quamobrem
594 3089 705 3137 totum
726 3072 986 3158 quodvolumus
1006 3069 1144 3134 suadere

63 3149 197 3230 ieviter,
235 3176 275 3220 ac
295 3153 338 3221 sac
358 3157 528 3242 possumus
548 3158 766 3222 concludere:
783 3155 1071 3301 lquemadmodum
1093 3153 1144 3216 in·

44 3231 189 3300 tellectus
219 3237 374 3302 omnium
396 3261 482 3327 quae
501 3241 599 3305 Pater
620 3237 704 3307 fecit
724 3237 762 3302 in
798 3260 842 3303 uo
863 3241 967 3302 verbo
988 3233 1145 3323 unigeni·

41 3326 90 3390 to,
121 3319 261 3386 essentia
297 3343 415 3388 eorum
437 3323 480 3387 ell
499 3338 534 3387 et
553 3338 755 3388 cunctorum
776 3343 861 3408 quae
882 3319 971 3388 circa
993 3342 1065 3384 eam
1086 3341 1144 3416 na·

43 3400 187 3465 turaliter
215 3403 473 3492 intelliguntur3
504 3405 552 3468 ita
580 3403 733 3502 cognitio
760 3403 913 3474 onmium
935 3425 1021 3491 quae
1039 3417 1145 3488 pm

40 3484 175 3562 verbum
213 3486 252 3552 in
283 3491 432 3553 humana
461 3487 573 3552 anima
602 3505 750 3563 creant,
788 3485 923 3551 essentia
952 3486 997 3548 est
1027 3506 1146 3550 eorum
1186 3511 1188 3519 ¹

40 3566 259 3658 omniumque
280 3593 366 3656 quae
387 3570 475 3638 circa
496 3592 569 3635 eam
590 3569 788 3635 naturaliter
808 3569 1073 3656 digrroacuntnr:
1110 3579 1146 3629 et

42 3655 323 3733 quemadmodum
352 3655 490 3720 divinus
519 3651 712 3718 intellectus
739 3651 912 3739 praecedit
944 3647 1075 3727 omnia,
1110 3661 1146 3714 et

40 3733 149 3800 omnia
171 3737 235 3822 ell3
256 3735 305 3808 ita
325 3737 478 3837 cognitio
491 3734 729 3802 intellectualia
744 3733 875 3802 animae
889 3731 1061 3822 praecedit
1073 3753 1144 3798 om·
1165 3803 1168 3811 ,

40 3812 93 3910 pia
113 3833 201 3916 quae
223 3839 419 3908 cognoscat,
442 3835 477 3886 et
497 3820 611 3886 omnia
632 3841 718 3906 quae
737 3815 994 3905 praecognoscit
1014 3815 1076 3882 esi:
1102 3829 1146 3881 ut

40 3919 73 3964 ur
101 3902 224 3971 drrino
249 3903 427 3970 intellectu
454 3904 569 3970 omnia
596 3901 789 3977 causaliter,
820 3900 858 3965 in
886 3902 1033 3964 humana
1062 3917 1144 3963 vero

40 3982 236 4068 cognitione
266 3987 486 4055 effectualiter
506 3987 692 4054 subsistant:
720 4006 794 4052 non
813 3985 906 4072 quod
928 3981 992 4048 alia
1012 3983 1052 4048 sit
1072 4002 1142 4048 orn·

38 4061 131 4132 ninm
161 4067 317 4150 essentia,
346 4087 388 4137 ut
418 4071 516 4160 saepe
537 4071 701 4146 diximus,
730 4067 768 4134 in
788 4069 911 4144 verbo,
942 4065 1007 4130 alia
1027 4065 1065 4130 in
1085 4064 1145 4129 ho'·

39 4147 149 4232 mine;
169 4149 233 4220 sed
250 4157 342 4246 qnod
361 4175 465 4224 unam
486 4157 696 4244 eandemque
714 4153 812 4223 aliter
827 4149 983 4240 incaufia
999 4147 1145 4216 exterma
