2922 4978
292 209 374 287 ,830
634 213 689 284 lle
709 211 890 288 Πὶυίεἱοηο
909 207 1083 282 Naturae.

294 393 432 462 historia
448 395 557 474 dicite
579 398 638 463 led
658 419 784 464 nomen
807 344 919 464 creato
940 394 1073 462 homini
1091 415 1163 462 non
1184 395 1269 462 aliud
1286 403 1372 485 quoa

297 484 374 545 dam
396 479 628 546 universaliter
649 481 716 548 est·
745 479 853 568 Igitur
872 479 1051 546 universali
1066 495 1204 544 naturae
1219 483 1373 548 vocatione
1427 521 1428 558 1

289 565 363 630 tale
383 563 511 662 aliquid
532 563 689 662 lulpicari
711 565 977 640 introducimur,
1014 562 1093 649 quia
1114 561 1151 626 in
1175 563 1282 628 divina
1299 589 1374 652 prae·
1427 573 1428 588 ³

296 647 436 712 leientra
462 663 499 716 et
519 664 647 712 vntute
670 648 780 714 omnia
801 645 992 712 humanitas
1011 646 1050 711 in
1071 645 1179 733 prima
1197 648 1375 714 constitutio·

294 753 341 794 ne
362 733 600 818 comprehensa
623 732 677 796 est.
722 735 866 818 Oportet
887 729 978 795 enim
1006 730 1055 796 nil
1076 734 1151 794 Deo
1171 729 1327 794 infinitum
1343 733 1373 798 io

295 813 349 880 hie
380 837 465 902 quaa
494 819 534 880 ab
568 836 609 880 eo
631 816 720 879 facta
741 817 817 880 lunt
837 814 1022 888 aestimare,
1060 813 1118 878 sed
1140 813 1376 958 uniuscujurpue
1427 815 1428 826 ’

296 920 413 964 eorum
446 921 531 985 quae
560 899 639 962 lunt
672 897 751 963 linia
772 914 806 962 et
825 885 979 962 menlnra
1000 895 1307 983 circumponderans
1336 919 1375 962 ac·

295 981 378 1047 toria
405 980 569 1068 sapientia
599 982 652 1046 eil.
696 983 990 1068 Quemadmodum
1025 978 1036 1043 i
1064 979 1131 1044 'tur
1162 981 1203 1044 ali
1227 980 1275 1043 uia
1293 983 1376 1046 homo

268 1149 269 1152 Ἴ
295 1064 446 1152 corporis
469 1063 657 1152 quantitate
678 1073 884 1139 coarctatur,
908 1080 943 1128 et
962 1085 1039 1128 men
1057 1086 1115 1127 ura
1136 1063 1194 1128 libi
1206 1003 1376 1128 lettaniae

293 1149 496 1246 magnitudo
519 1149 577 1246 all,
602 1147 744 1247 quaein
766 1146 941 1234 superficie
963 1147 1112 1234 corporis
1135 1145 1313 1233 perficiturt
1343 1148 1376 1210 lie

296 1236 439 1298 arbitror
466 1234 573 1298 ueluti
603 1255 640 1296 un
671 1253 744 1296 uno
769 1253 911 1318 corpore
933 1245 1037 1296 totam
1058 1229 1273 1294 humanitatis
1293 1228 1377 1314 pleni·
1427 1231 1428 1236 ’

295 1315 451 1381 tudinem
485 1315 696 1402 prognostica
728 1315 856 1379 virtute
878 1337 896 1379 a
916 1318 991 1379 Deo
1015 1313 1169 1378 omnium
1191 1315 1378 1410 comprehen·

295 1400 364 1464 lam
386 1398 498 1475 luille3
524 1413 558 1462 et
579 1401 646 1464 hoc
667 1402 767 1463 docet
789 1399 894 1462 sermo
941 1397 977 1461 ui
994 1397 1094 1474 aicit.
1118 1395 1197 1484 quia
1216 1397 1377 1460 fernum

293 1479 488 1557 honiinem,
511 1483 697 1548 secundum
720 1481 901 1568 imaginem
950 1483 981 1545 ei
995 1479 1078 1546 fecit
1099 1501 1190 1544 eum.
1221 1478 1378 1544 Nonenim

294 1565 334 1632 in
361 1579 456 1654 parte
482 1581 623 1630 naturae
657 1564 790 1652 imago,
821 1586 932 1650 neque
952 1563 990 1627 in
1013 1564 1159 1650 qirodam
1185 1584 1294 1627 eorum
1313 1583 1379 1648 quae

285 1649 481 1714 ¹sectantium
509 1648 615 1735 ipsam
642 1649 893 1714 considerantur
925 1647 1031 1735 gratia
1059 1647 1120 1711 est:
1150 1648 1210 1712 led
1236 1645 1270 1710 in
1291 1660 1378 1710 totum
1428 1717 1429 1732 p

293 1755 403 1820 genua
433 1732 616 1818 aequaliter
648 1731 723 1796 talia
743 1731 903 1829 pervenit
923 1731 1041 1795 virtue.
1084 1730 1227 1816 Signum
1246 1749 1319 1794 vero
1338 1727 1377 1802 eli,
1428 1737 1429 1762 ¹

295 1819 388 1914 pund
416 1816 574 1881 omnibus
602 1815 753 1880 similiter
781 1837 912 1880 animoa
940 1815 1149 1890 collocatur,
1186 1817 1264 1878 dum
1284 1831 1379 1877 omnen

291 1897 510 1984 intelligendi
542 1913 577 1962 et
599 1898 795 1964 conliliandi
815 1899 977 1963 virtutem
998 1899 1166 1972 habeant,
1198 1913 1232 1962 et
1251 1897 1308 1960 alia
1327 1917 1379 1958 om·

293 1980 353 2046 nia
374 2003 414 2045 ex
434 1980 556 2068 quibua
580 1981 695 2046 diuina
715 1997 833 2046 natura
855 1981 891 2046 in
917 2003 956 2046 eo
981 1983 1074 2080 quod
1093 1981 1277 2046 fecundum
1296 1979 1378 2064 iplam

205 2119 207 2125 .
292 2065 422 2128 factum
447 2064 491 2128 est
513 2063 767 2128 fimilitudinem
788 2065 907 2142 refert,
930 2063 1079 2129 fimrliter
1099 2066 1248 2130 habente
1269 2064 1309 2126 Et
1327 2059 1381 2146 ipie

293 2147 331 2210 in
353 2145 461 2232 prima
482 2147 603 2211 mundi
625 2147 864 2214 constitutione
886 2147 1030 2214 ostensus
1052 2150 1176 2222 homo,
1200 2145 1311 2244 etpoll
1326 2140 1384 2206 uni·

293 2229 458 2295 verfitatia
488 2231 813 2295 consummationem
843 2233 997 2305 futurus,
1035 2230 1221 2317 aequaliter
1240 2253 1274 2293 1n
1294 2225 1382 2312 [cipit

296 2311 447 2378 divinam
477 2313 592 2378 ferunt
625 2313 819 2400 imaginem.
860 2317 1042 2401 Propterea
1063 2337 1152 2378 unna
1174 2319 1275 2378 homo
1296 2307 1383 2376 nomi·

293 2411 413 2460 natum
444 2397 495 2464 elt
517 2418 636 2472 omne,
670 2398 748 2544 tpuia
777 2398 814 2462 in
842 2398 968 2463 virtute
990 2397 1055 2462 Dei
1076 2398 1126 2462 nil
1147 2395 1321 2483 praeterit,
1345 2391 1382 2456 nil
1428 2395 1429 2452 l

293 2479 409 2554 instat,
431 2479 488 2544 sed
510 2495 545 2543 et
565 2482 658 2566 quod
692 2497 845 2567 pectatur
866 2480 1048 2568 aequaliter
1069 2481 1239 2567 praesenti
1259 2495 1383 2562 compre

292 2563 429 2630 henfiva
458 2562 684 2628 univerfitatie
715 2565 913 2650 operatione
943 2564 1149 2629 continetur.
1205 2561 1319 2629 Omnia
1338 2559 1384 2622 ita·

266 2651 269 2658 '
294 2669 362 2734 que
382 2661 502 2710 natura
523 2668 609 2733 quae
631 2668 649 2710 a
668 2647 785 2733 primia
810 2669 917 2734 usque
938 2645 1114 2714 noviffima
1134 2646 1305 2733 pervenit,
1330 2659 1383 2704 nur

294 2731 458 2816 quaedam
483 2751 562 2792 vere
592 2729 758 2796 existentia
787 2731 900 2828 imago
935 2729 1095 2818 estt'ipla
1118 2753 1200 2796 vero
1221 2730 1257 2796 in
1278 2745 1385 2792 mascu-

292 2813 365 2877 lum
397 2828 432 2876 et
459 2811 644 2878 foeminam
671 2813 802 2900 generis
833 2813 1024 2878 differentia
1051 2813 1228 2880 noviffime
1251 2809 1384 2877 constitu·

293 2895 383 2960 tioni
414 2895 626 2960 formationis
658 2902 787 2976 adjecta
810 2899 893 2975 estu
937 2901 974 2960 ln
1005 2897 1138 2962 decimo
1160 2895 1301 2983 septimo
1320 2893 1385 2956 iteu

293 2980 443 3057 ejusdem
465 2977 626 3042 lermonie
648 2981 808 3065 capitulo.
852 2979 1161 3056 ‚,Relurrectionie‚
1184 2983 1311 3064 inquit,
1332 2994 1386 3070 gf*

293 3062 359 3136 tia,
391 3060 442 3124 nil
463 3061 556 3125 aliud
576 3063 675 3127 nobie
697 3062 883 3148 promittit,
907 3085 1008 3150 quam
1028 3063 1219 3150 lapsorum,
1242 3063 1278 3126 in
1300 3055 1385 3153 pulli·

290 3166 377 3208 num
406 3143 524 3207 statum
556 3143 811 3210 restitutionem.
854 3147 908 3210 Est
935 3147 1028 3211 enim
1056 3146 1188 3211 reditus
1212 3146 1341 3234 quidam
1358 3159 1385 3200 m

292 3225 437 3312 primam
464 3226 569 3290 vitam
601 3227 788 3314 exspectata
810 3229 936 3315 gratia,
970 3231 1142 3316 expulsum
1164 3228 1322 3324 paradyso
1341 3223 1386 3286 lte·

291 3331 369 3373 rum
389 3307 426 3372 in
448 3307 558 3395 iplum
578 3313 755 3378 reducens.
800 3313 871 3398 lpla
900 3312 1007 3459 ipitur
1025 3313 1255 3378 restitutorum
1275 3327 1338 3374 urta
1356 3303 1387 3368 td
1429 3357 1430 3366 a

940 3413 1034 3470 etur,
1063 3397 1218 3493 prolecto
1243 3411 1319 3460 ante
1335 3409 1385 3452 rul-
1429 3405 1430 3472 j

293 3413 367 3456 eam
389 3414 475 3479 quae
496 3393 632 3490 proprie
654 3398 849 3481 angelorum
872 3399 914 3459 ha
1343 3471 1349 3486 ·

292 3497 372 3541 nam
395 3476 546 3573 angelica
568 3481 731 3562 quaedam
754 3495 839 3552 erat,
873 3496 1049 3623 propterea
1071 3481 1140 3560 rple
1163 3483 1205 3544 ad
1229 3476 1386 3561 antiquata·

290 3573 361 3624 tem
390 3575 482 3626 vitae
512 3561 638 3625 nostrae
667 3561 818 3637 reditus,
852 3585 937 3648 ange
953 3562 980 3625 is
1003 3561 1206 3628 affimilatur.
1252 3566 1385 3626 Attamen
1429 3607 1430 3610 ,

290 3643 376 3706 licut
406 3642 534 3708 dictum
558 3643 601 3706 est
621 3643 751 3730 nuptiis
775 3668 844 3711 non
868 3645 1101 3719 exilientibus,
1137 3645 1175 3720 in
1198 3642 1383 3728 myriadibus

289 3725 436 3791 infinitio
464 3725 608 3791 militiae
638 3730 834 3814 angelorum
856 3730 951 3805 lunt,
982 3729 1026 3793 fic
1048 3728 1139 3792 enirn
1162 3728 1200 3792 in
1223 3723 1385 3792 vilionibut

204 3813 210 3831 ⁸
290 3807 412 3873 Daniel
450 3811 606 3874 narravit.
659 3813 738 3876 Non
771 3811 875 3901 igitur
907 3834 967 3898 per
999 3815 1145 3876 eundem
1174 3799 1385 3876 homiuemfi

288 3892 384 3956 nulla
405 3893 576 3958 converfio
598 3909 633 3958 et
653 3896 792 3959 recellas
815 3897 855 3958 ab
879 3895 1029 3981 angelica
1051 3894 1211 3960 societate
1232 3905 1385 3990 expecta¹

288 3989 327 4038 to
348 3973 448 4038 nobie
469 3974 586 4050 fieret,
622 3977 762 4048 fortaffie
783 3999 846 4043 noe
866 3976 997 4064 nuptiis
1020 3978 1062 4042 a'd
1084 3977 1385 4064 multiplicationem

289 4053 511 4156 alligaremur.
552 4056 646 4123 Aliue
668 4061 805 4146 quidam
827 4059 929 4124 estin
951 4079 1071 4125 natura
1092 4063 1291 4158 angelorum
1319 4049 1387 4151 mul-

288 4139 512 4226 nplrcationia
542 4145 683 4220 modun,
715 4140 896 4210 ineffabilia
925 4143 1063 4232 quidem
1084 4159 1119 4209 et
1139 4137 1385 4228 mintetligibus
