2856 4978
363 317 367 324 -
439 269 546 342 uber
572 267 725 342 Tertiam
1060 263 1139 346 169

49 479 115 526 cem
138 454 285 522 versutia
311 475 475 521 conamur
504 453 668 556 aspicere,
701 475 774 520 non
802 465 909 540 omne
930 458 1022 543 quod
1044 456 1140 523 fimus

49 557 152 608 mente
187 538 418 622 concipimus,
455 542 567 604 verbra
603 541 778 626 explanare
814 540 984 622 relemna3
1028 541 1140 608 omnia

48 619 1142 794 ttt2¹¹ttti¹2522ttlttltl³⁸texisti,'timenti

48 791 193 866 moralia,
215 788 392 854 necesiario
413 789 660 876 particulariter
674 788 894 876 ordinateque
911 788 948 853 in
968 813 1062 856 auree
1076 791 1141 858 die·

48 873 420 940 centiumdiffunditur.
463 875 541 938 Non
564 891 599 936 er
623 893 642 937 o
664 872 875 970 praedictum
894 874 1027 938 Patrem
1043 876 1141 938 debe·

48 980 114 1023 mut
142 953 293 1022 arbitrari
312 955 505 1043 simpliciter
522 895 735 1032 intellexrsse,
767 959 858 1042 quod
879 956 1071 1043 [impliciter
1091 956 1141 1020 vi·

49 1047 136 1107 detur
164 1038 356 1126 exposuisse
400 1039 486 1126 Quia
518 1039 610 1104 enim
644 1038 781 1104 audebit
803 1038 957 1105 divinum
979 1037 1145 1104 luminare

47 1127 297 1210 reprehendere,
332 1127 413 1188 dum
443 1123 570 1188 nesciat
589 1122 811 1211 quantnm'iu
831 1123 938 1210 seipso
960 1122 1073 1210 potuit
1093 1124 1145 1187 lu·

47 1231 127 1281 cere,
155 1211 340 1293 lumenque
371 1207 469 1304 suupr
497 1206 611 1272 minua
640 1229 677 1272 ca
702 1206 821 1272 acibue
838 1221 1065 1294 temperanter
1082 1225 1142 1271 ro·

46 1291 103 1356 luit
123 1290 333 1366 distribuerer
356 1313 468 1377 neque
489 1290 588 1355 sacile
609 1312 664 1356 cre
688 1289 809 1356 iderim
828 1311 882 1356 ma
932 1313 990 1356 um
1007 1310 1144 1377 praeco·

47 1397 116 1440 uem
134 1372 318 1461 sapientiae
338 1373 563 1460 pleniffimum
582 1373 711 1438 virtute
739 1373 890 1439 intellexr
916 1397 935 1438 e
970 1389 1029 1438 aut
1052 1370 1144 1460 cogi·

48 1459 115 1522 tasse
139 1458 286 1524 inertem
316 1460 441 1539 molem
471 1457 599 1522 telluria
621 1459 848 1535 tenebrosam,
877 1456 1013 1523 infinita
1034 1460 1147 1522 adbuc

1 1602 2 1613 ,
48 1539 139 1624 abyssi
163 1540 392 1640 inundatione
418 1541 572 1642 undique
599 1555 812 1628 coopertam,
846 1563 907 1628 per
932 1561 1042 1606 morae
1063 1555 1147 1605 tem·

47 1647 164 1772 istut
184 1625 407 1794 tttnfitlt
418 1629 600 1776 illlis
609 1625 1147 1796 tt,tt¹*t¹t⁶tt?0l“t¹tt

47 1791 101 1854 luti
119 1791 304 1857 inchoante
326 1792 425 1857 tertia
447 1796 542 1869 luce,
567 1795 770 1858 denudatam
792 1794 902 1875 abysso
919 1792 994 1868 illa,
1018 1811 1085 1879 qna
1100 1806 1148 1854 te·

49 1878 192 1960 gebatur,
214 1873 254 1938 iu
275 1875 573 1964 congregationem
593 1899 697 1942 unam
714 1878 900 1942 collectam.
944 1878 1038 1940 Haec
1055 1873 1152 1938 enim·

50 1958 168 2106 ree
189 1973 266 2106 ἐξ·
281 1957 1150 2109 ,rtutnmtr‘ttcat‘munt:

48 2141 215 2212 praecepto
244 2065 300 2190 ale
324 2148 368 2191 ue
388 2126 466 2193 ullie
485 2126 727 2213 temporalibus
742 2125 948 2204 intervallis,
970 2124 1037 2191 suia
1049 2123 1151 2189 ratio·

49 2207 155 2285 nibet,
188 2149 379 2274 secunlum
407 2232 489 2298 quaa
519 2210 658 2276 condita
685 2212 781 2286 sunt,
814 2209 967 2278 distincta
995 2211 1040 2273 'et
1058 2208 1150 2272 sacta

50 2290 149 2370 luisse,
181 2309 217 2357 et
239 2292 277 2357 in
299 2293 426 2380 species
447 2294 520 2359 suar
540 2298 725 2383 producta,
753 2293 956 2359 beatiffimue
977 2293 1150 2380 perspexe-

48 2391 91 2438 rat
107 2375 264 2466 Rufillus.
307 2383 359 2441 An
395 2376 487 2442 aliud
510 2401 550 2443 ex
569 2378 682 2444 verbio
704 2378 806 2465 ipfiua
830 2378 866 2443 in
888 2398 980 2442 nona
1001 2373 1151 2442 Homilia

1 2499 2 2502 =
50 2459 214 2526 Hexameri
238 2459 290 2523 sui
309 2459 600 2550 intelligendum?
634 2460 832 2560 „intellige,
854 2460 984 2548 inquit,
1006 2461 1150 2524 nubum

49 2541 104 2606 Dei
123 2565 184 2630 per
203 2551 391 2642 creaturam
408 2567 562 2621 currens,
585 2560 670 2644 tunc
683 2544 869 2630 inciprena,
891 2560 926 2609 et
937 2559 1151 2630 nequenunc

2 2735 3 2802 3
49 2625 1151 2799 tttt‘nztdttt’tltlttattssssdtt1¹⁰1:{titt
1196 2683 1201 2699 ·
1277 2737 1280 2752 ·

2 2821 4 2860 1
68 2795 183 2858 undam
204 2791 412 2879 accipiatur,
437 2811 471 2860 et
491 2795 628 2882 propria
647 2795 935 2867 conformatione,
958 2808 1153 2857 etcommo·

50 2811 144 2940 litate
171 2875 325 2964 regionis
347 2879 453 2943 fertur
474 2877 510 2942 in
537 2878 685 2950 declive,
717 2876 896 2964 nec-priua
917 2877 1020 2951 siant,
1051 2893 1153 2970 quam

51 2959 221 3045 aequaliter
255 2983 450 3048 camporum
470 2960 577 3049 ipsam
597 2960 779 3048 suscipiat:
811 2960 855 3026 fic
875 2977 996 3024 natura
1017 2956 1153 3021 exrslen·
1189 2965 1198 3010 t
1227 3029 1232 3036 ,

51 3039 150 3120 uum,
173 3065 248 3108 nno
269 3061 449 3132 praecepto
470 3062 562 3110 mota
582 3045 620 3110 in
642 3042 860 3133 generatione
881 3060 916 3108 et
937 3039 1157 3128 corruptione

51 3125 140 3268 plane
159 3127 347 3215 percurrit,
371 3151 532 3216 generum
554 3127 810 3218 consequentiae
824 3149 885 3216 per
899 3124 1154 3192 similitudinem

63 3209 186 3286 alvena,
219 3213 330 3276 donec
357 3215 399 3277 ad
426 3211 536 3300 ipsum
568 3213 748 3278 descendat
768 3211 885 3293 finem..
923 3213 1059 3311 Equum
1081 3205 1155 3295 qui-

52 3291 119 3358 dem
141 3294 221 3382 equi
243 3292 326 3360 sacit
346 3295 579 3373 successorem,
601 3299 735 3363 leonem
752 3295 878 3371 leonia,
902 3297 1079 3383 aqurlama
1104 3289 1155 3354 ui·
1269 3361 1275 3378 Ι

49 3373 110 3452 lae,
129 3394 178 3442 »et
199 3400 297 3443 nunc
317 3381 476 3467 quodque
498 3379 694 3460 animalium
718 3381 963 3466 consequenter
982 3381 1061 3442 succ
1115 3393 1153 3438 o·

51 3457 141 3525 nibua
162 3461 415 3539 conservatum,
453 3483 561 3550 neque
583 3468 626 3529 ad
648 3463 973 3529 consummationem
994 3457 1156 3524 univerfi·
1263 3487 1274 3509 υ

51 3541 119 3608 tatia
140 3541 371 3612 transmittit?¹
411 3549 548 3610 Intuere
572 3547 642 3610 nim
657 3545 904 3622 similitudinis,
926 3548 1083 3617 Verbum,
1105 3540 1157 3602 in·

52 3626 135 3709 quit,
169 3627 240 3692 Dei
270 3651 331 3715 per
352 3626 467 3694 omnia
489 3645 524 3694 et
543 3629 645 3694 initio
668 3647 839 3694 creaturae
860 3649 969 3714 utque
989 3625 1156 3691 adfinem

53 3708 269 3776 miverfiratir
291 3714 419 3800 semper
440 3733 583 3800 operane
604 3713 736 3787 omnia,
762 3729 797 3778 et
817 3705 1157 3857 morenapercum'tr

53 3810 116 3858 uuo
135 3817 285 3882 nemque
304 3811 507 3884 praecepto,
528 3796 637 3862 veluti
658 3817 770 3860 unam·
783 3799 950 3881 quandam
986 3797 1156 3880 phaeram,

52 3891 146 3944 unam
176 3895 332 3945 naturam
362 3901 498 3956 eorum,
537 3901 622 3980 quae
649 3882 729 3945 sunt
757 3880 853 3943 fimul
881 3895 917 3944 et
935 3879 1035 3944 semel
1057 3877 1156 3950 ectr,

51 3977 157 4028 movet
183 3962 223 4028 in
280 3985 379 4030 encra
410 3979 445 4029 et
471 3966 618 4053 spectet,
650 3985 736 4051 quae
757 3983 894 4030 current
914 3959 1022 4027 veluti
1043 3959 1080 4034 in
1103 3960 1159 4023 de·

52 4039 129 4110 clive
157 3985 331 4133 quodiam
355 4046 492 4125 voluta,
527 4069 661 4115 currere
690 4067 763 4113 non
790 4045 935 4124 defluet,
969 4041 1157 4142 doneejrl

55 4119 149 4194 finem
167 4128 410 4208 univercum,
431 4132 540 4210 ¹ueluti
555 4136 599 4198 ad
611 4135 780 4224 quandam
797 4129 945 4221 quietem
960 4139 1157 4217 perveurctt

54 4223 153 4278 unum
184 4211 294 4298 igitur
319 4217 480 4303 rcrbum,
501 4237 582 4285 uno
609 4231 800 4306 praecepto·
820 4237 924 4289 rrum
945 4209 1157 4280 millenum
