2922 4978
773 199 779 222 Ι

495 283 603 354 Liber
623 285 785 370 Quintus
1107 285 1192 380 ,⁴3⁷

78 465 328 536 commutabilia
348 485 543 556 permanen
565 467 668 557 capax
691 483 803 536 tamen
820 489 918 536 cortu
945 469 1091 536 tibillum
1107 493 1188 558 poe·

78 573 123 616 na
144 550 276 638 peccati
297 554 385 618 sacta
407 555 468 619 eslr
490 557 582 642 quod
604 577 644 618 ex
665 554 775 619 verbis
796 554 893 619 Beati
938 577 974 619 re
998 555 1060 620 orii
1075 555 1187 636 Nysse·

3 651 5 694 ι
75 635 115 700 ni
145 636 315 733 possumus
344 639 537 724 approbare.
560 675 568 684 ·
589 637 646 702 Ait
675 637 767 702 enim
800 637 836 702 in
859 579 1008 736 capituio
1030 637 1186 704 vicesimo

3 737 4 758 s
77 720 220 805 septimo
243 721 285 783 de
306 722 473 808 imagine,
495 735 642 786 tractans
666 723 707 784 de
728 722 1003 786 Resurrectionet
1024 723 1128 796 „Non
1142 722 1186 785 est

76 801 277 868 incredibile
307 825 346 868 ex
376 803 617 870 communione
647 821 792 950 quatuor
813 804 1020 892 generalium
1043 805 1186 868 elemen-

76 903 189 950 torum
219 886 339 951 mundi
372 891 412 952 ad
446 909 506 974 pro
532 887 619 952 rium
675 904 768 952 atum
789 903 946 962 naturae,
982 891 1214 973 decerpere·

75 971 212 1034 occulto
235 985 268 1032 et
281 913 532 1057 incorruptibili
549 974 640 1057 quod
656 971 823 1058 resurget,
845 970 1097 1045 resolutionem,
1120 975 1187 1036 hoc

75 1053 121 1116 ett
142 1051 288 1118 reditum
308 1055 553 1140 resurgentium
576 1077 755 1141 corporum
776 1053 861 1119 fieri.
912 1055 990 1120 Non
1014 1053 1104 1118 enim
1125 1075 1187 1140 per

74 1135 190 1199 omnia
221 1141 312 1222 quod
334 1141 481 1204 nostrum
504 1139 565 1214 est,
598 1138 635 1202 in
658 1141 750 1202 fluxu
773 1153 808 1202 et
828 1137 1108 1203 transmutatione
1130 1137 1184 1201 est.

74 1219 111 1282 Si
135 1218 226 1282 enim
246 1221 341 1296 effer,
364 1221 701 1308 incomprehensibile
714 1221 946 1288 universaliter
958 1222 1070 1303 fieren
1092 1223 1186 1308 quod
1225 1293 1228 1301 ,

25 1309 29 1328 ’
72 1305 207 1366 nullum
231 1303 347 1368 statum
371 1329 410 1368 eir
431 1323 551 1370 natura
573 1309 692 1378 habet,
716 1307 772 1370 [εά
793 1309 885 1385 juxta
906 1305 1113 1370 subtiliorem
1135 1325 1185 1368 ra·

72 1385 205 1449 tionem
226 1409 343 1474 eorum
366 1411 451 1476 quae
472 1389 508 1452 in
526 1389 624 1453 nobis
639 1389 734 1464 lunt,
758 1392 921 1474 quaedam
939 1388 1075 1474 quidem
1088 1389 1181 1462 stant,

73 1472 239 1555 quaedam
260 1493 341 1536 vero
364 1495 404 1535 ex
425 1471 651 1536 mutabilitate
673 1471 892 1558 proveniunt.
926 1477 1079 1536 Mutatur
1091 1471 1184 1536 enim

71 1574 135 1698 per
156 1555 466 1640 augmentationem
489 1571 522 1620 et
547 1554 809 1639 diminutionem
831 1577 972 1640 corpus,
1000 1554 1107 1618 veluti
1129 1577 1184 1617 ve·

98 1635 227 1700 imenta
257 1640 438 1724 quaedam,
473 1640 716 1726 consequentes
745 1651 869 1704 aetates
897 1639 1068 1704 indutum.
1113 1639 1187 1702 Stat

70 1739 155 1784 vero
184 1741 247 1806 per¹
277 1743 412 1786 omnem
443 1723 647 1786 eversionem
671 1721 973 1787 intransmutabilia
999 1723 1036 1786 in
1061 1723 1092 1785 se
1113 1721 1185 1807 ipsa

68 1803 197 1876 forma,
216 1800 266 1896 ν[ιι
302 1805 368 1868 suis
395 1805 452 1869 sibi
482 1806 582 1870 semel
606 1809 647 1870 ex
667 1823 787 1870 natura
807 1805 906 1892 fignis
927 1827 997 1870 non
1021 1805 1184 1880 desiliens,

69 1886 129 1948 [εά
150 1883 188 1948 in
211 1887 368 1953 omnibus
393 1890 575 1954 secundum
598 1911 720 1976 corpus
748 1885 1085 1954 transmutationibus
1105 1909 1185 1952 cum

68 1968 140 2030 suis
162 1968 254 2032 notis
276 1969 436 2056 ingenuis
458 1989 605 2060 apparet.
659 1975 881 2035 Subtrahatur
901 1988 1012 2035 autem
1035 1993 1097 2058 per
1118 1969 1184 2035 Dei

68 2054 233 2127 verbum,
264 2052 334 2150 ipsa
356 2077 504 2138 quaeest
524 2056 671 2142 paffione
692 2055 736 2119 est
755 2054 917 2130 mutatio,
949 2075 1033 2141 quae
1056 2055 1183 2118 formae

69 2133 308 2280 superaccidit.
353 2139 439 2202 Nam
461 2139 569 2204 veluti
589 2139 690 2204 facies
711 2141 875 2225 quaedam
889 2137 1016 2213 alisna,
1039 2137 1109 2223 ipsa
1120 2159 1182 2282 per

67 2216 108 2282 in
136 2217 304 2308 rmitatem
337 2221 530 2286 deformitas
552 2225 693 2288 sormam
716 2222 958 2309 deprehendit,
987 2243 1053 2308 qua
1076 2223 1116 2284 de
1133 2242 1184 2285 or·

66 2301 190 2366 mitate
223 2308 444 2388 perverbum
466 2305 532 2370 Dei
554 2307 808 2379 circumablata,
844 2305 927 2370 ficut
949 2304 986 2368 in
1009 2305 1182 2368 Naamano
1222 2309 1226 2314 ’

68 2385 176 2466 Syro,
209 2385 267 2448 seu
296 2387 332 2451 in
364 2389 430 2451 illis
458 2389 592 2474 leprosis
645 2388 681 2450 ui
709 2387 745 2451 iii
777 2391 872 2452 Evan
897 2388 964 2452 elio
985 2403 1182 2470 narrantur3

65 2468 196 2532 iterum
219 2474 351 2536 occulta
373 2473 431 2536 sub
455 2471 603 2558 passione
622 2411 776 2569 ipeeies,
790 2492 851 2558 per
873 2412 1045 2535 finitatem
1061 2469 1097 2534 in
1115 2469 1182 2534 suis

66 2551 273 2616 notionibus
294 2555 469 2619 relucebit.
513 2555 620 2644 Igitur
639 2577 676 2618 iu
698 2553 935 2620 Deisormitate
955 2554 1087 2618 animae
1107 2573 1181 2629 noir
1287 2571 1292 2590 ⁵

65 2633 186 2698 fluxile
206 2659 270 2782 per
291 2639 552 2704 mutabilitatem
574 2654 608 2701 et
629 2636 896 2711 transmutabile,
920 2636 976 2700 sed
997 2638 1089 2722 quod
1107 2658 1182 2732 per·
1276 2656 1284 2679 ··

64 2734 187 2783 manet
231 2720 423 2807 militerque
443 2722 480 2786 in
503 2723 611 2788 nostra
632 2721 851 2786 concretione
872 2722 990 2794 habet,
1019 2722 1084 2782 hoe
1105 2717 1181 2781 insi·

35 2850 39 2859 .
65 2819 146 2866 tum
165 2802 240 2866 est.”
281 2804 519 2870 Animadverte
541 2828 641 2893 quam
666 2807 775 2878 clare,
799 2823 899 2890 quam
922 2817 1036 2889 aperte
1055 2801 1181 2886 praefa-

65 2901 127 2952 tus
161 2885 324 2970 Nyllenue
357 2887 470 2953 astruit
501 2891 594 2976 quod
624 2909 695 2953 non
729 2888 836 2952 solum
855 2887 964 2952 forma
985 2883 1116 2950 animae
1137 2883 1182 2947 ad

63 2969 255 3068 imaginem
275 2971 341 3035 Dei
362 2973 450 3036 saeta
476 2973 534 3036 est:
556 2993 674 3036 verum
697 2971 797 3035 etiam
811 2968 972 3060 naturalis
988 2969 1180 3034 sormacor·

62 3075 163 3140 poris
185 3075 270 3140 quae
289 3055 473 3139 imaginem
495 3054 626 3120 animae
647 3053 819 3129 imitatur,
858 3055 986 3150 semper
1005 3051 1190 3142 incorrup-¹

61 3136 178 3204 tibilis
200 3153 235 3202 et
255 3136 543 3204 incommutabilis
564 3154 775 3225 permaneat:
798 3136 959 3224 quicquid
980 3155 1060 3200 vero
1082 3149 1193 3212 natu-⁴

60 3220 132 3285 rali
163 3221 297 3369 corpori
328 3244 367 3285 ex
397 3222 671 3288 concretionibus
694 3223 956 3293 elementorum,
990 3235 1025 3283 et
1048 3217 1180 3282 animae

61 3321 109 3368 ex
133 3303 219 3368 sordi
245 3326 284 3369 ua
305 3303 587 3370 irrationabilium
608 3319 764 3370 motuum
786 3303 1036 3390 superadditum
1058 3303 1117 3376 est,
1140 3301 1179 3364 in

58 3391 165 3452 fluxu
185 3402 219 3450 et
235 3383 458 3474 ¹corruptione
479 3391 608 3486 semper
629 3389 681 3451 esi.
714 3389 757 3466 Et
780 3391 865 3463 hoe,
888 3403 928 3449 ut
949 3385 996 3449 ait
1016 3385 1095 3470 ipse,
1120 3385 1185 3448 subs

56 3473 177 3559 figura
198 3471 362 3556 Naamani
384 3472 476 3554 Syri,
501 3487 535 3550 et
556 3474 691 3535 illorum
715 3469 830 3535 decem
854 3489 938 3557 quos
954 3467 1180 3554 Evangelium

55 3570 229 3644 purgatos
251 3577 269 3618 a
291 3555 441 3620 Domino
463 3555 558 3618 luisse
582 3570 709 3630 narrat,
741 3557 857 3641 pulcre
878 3551 1076 3618 insinuatur.
1120 3548 1181 3611 llle

55 3659 215 3724 namque
237 3639 338 3720 Syrus
360 3639 371 3702 i
399 3639 487 3726 sique
510 3641 625 3702 decem
647 3641 829 3705 humanam
851 3633 998 3731 effigiem
1017 3654 1088 3696 non
1104 3652 1178 3717 per·

57 3722 243 3798 diderant;
281 3723 337 3787 sed
364 3665 576 3788 iilummodo
605 3737 738 3786 tumore
767 3736 801 3785 et
832 3719 1045 3806 turpitudine
1066 3717 1180 3800 leprae
1209 3769 1212 3780 r

53 3803 211 3894 percuffi
240 3821 274 3870 et
296 3807 449 3893 cooperti
471 3807 568 3870 sunt:
605 3818 644 3867 ut
664 3825 724 3890 per
744 3808 811 3868 hoc
830 3801 1059 3888 intelligamus
1082 3813 1179 3863 natu·

53 3911 138 3954 rani
167 3889 309 3954 nostram
336 3913 408 3955 nori
441 3891 503 3954 elle
522 3887 688 3976 perditam
711 3891 766 3953 vel
789 3901 970 3962 mutatam,
1003 3885 1059 3947 sed
1079 3880 1178 3947 vitio·
1244 3956 1246 3970 Ι

50 3997 141 4039 rum
167 3971 380 4038 deformitate
403 3973 638 4039 decoloratam
691 3975 737 4036 Et
756 3967 834 4045 vide
855 3983 1019 4068 quantum
1039 3967 1180 4032 incunc-

52 4071 180 4122 tanter
202 4055 273 4144 ipse
295 4057 401 4140 Syrus
418 4061 586 4123 humanae
606 4054 898 4152 naturae‘gessent
914 4052 1065 4138 liguram.
1094 4051 1178 4114 Naa-

53 4161 147 4206 man
178 4135 1180 4238 nippedecorusiuterpretaturrSyriaverocoelelliumeon·

54 4162 258 4311 templario.
279 4225 445 4312 Nonquid
461 4241 497 4291 et
513 4223 557 4292 sic
568 4227 717 4294 humana
730 4219 1060 4292 naturaliercthnon
1071 4217 1179 4302 super·
