2930 4982
578 115 584 145 l

277 141 390 289 ira*
537 197 542 214 '
613 211 1064 286 oeuaoumlvaom.

283 399 1386 582 aa33¹?territattroartrr:tamt

285 571 482 638 memoriam
513 568 604 633 inira
633 569 722 665 leet
744 583 834 631 extra
854 567 966 664 inbre
987 587 1047 664 qm
1069 587 1164 664 omna
1184 565 1390 632 beatitudine

284 653 510 802 privabuntur
532 650 722 725 iustinebrr3
745 671 817 716 non
840 649 967 736 ut‘rpia
987 671 1024 714 ru
1047 649 1150 737 lerpla
1172 649 1388 740 poenae-luat,

302 741 345 812 ed
372 753 413 801 ut
440 736 498 800 illa
545 727 613 798 ¹nae
636 749 753 816 cqntra
769 727 985 799 'voluntatem
1008 732 1166 798 creatoris
1186 733 1238 798 rui
1260 749 1392 798 attraxe-

275 837 357 896 «rat,
390 835 481 886 extra
500 759 607 905 iplam
629 821 851 894 damnentur,
879 817 1086 904 penitusque
1110 832 1272 902 pereaat;
1305 814 1392 882 mali·

286 905 370 968 tiam
400 903 477 968 dico
509 918 542 966 et
566 899 794 988 impietatem,
827 915 1004 986 ceteraque
1036 899 1209 986 nequitiae
1236 923 1271 966 m
1326 903 1390 974 bra,

286 1009 373 1088 quae
394 1009 434 1051 ex
456 984 613 1072 operibus
638 983 747 1050 carnia
767 987 833 1050 hoc
854 984 914 1058 est,
937 981 1114 1047 carnaliter
1132 983 1263 1049 animae
1305 982 1392 1046 'ran-

283 1089 353 1146 tra,
375 1069 497 1135 merito
520 1062 692 1154 originalia
714 1067 845 1155 peccati
858 1066 1065 1132 occafionem
1085 1066 1289 1141 sumseruut3
1311 1085 1392 1151 quae

288 1158 371 1219 dum
392 1177 451 1239 per
472 1153 505 1216 le
527 1167 750 1239 quaeruntur,
773 1150 861 1216 nihil
881 1151 977 1225 lunt,
1036 1149 1174 1215 uoniam
1195 1149 1233 1214 iu
1254 1167 1392 1214 numero

288 1257 523 1322 eorumquae
552 1257 570 1300 a
596 1234 774 1299 conditore
803 1233 958 1299 omnium
984 1173 1157 1310 lulrstimta
1190 1234 1290 1308 sunt,
1324 1253 1392 1296 aon

289 1322 378 1386 sunt
413 1323 470 1383 Ex
503 1316 784 1384 irrationabilium
814 1316 942 1404 quippe
963 1316 1160 1382 animalium
1180 1314 1395 1382 fimilitutline

287 1401 482 1469 rationabili
514 1418 660 1467 naturae
685 1403 894 1487 subrepsere3
943 1399 1090 1487 ideoque
1116 1400 1154 1464 in
1189 1422 1227 1464 ea
1256 1397 1395 1464 omniuo

290 1490 559 1561 damnabuntur,
591 1508 636 1550 ue
658 1485 689 1548 ei
709 1501 873 1582 perpetuo
895 1500 1062 1557 noceant,
1093 1482 1247 1572 quamvia
1262 1482 1303 1546 in
1323 1503 1397 1580 pro·

289 1569 373 1657 priie
406 1568 590 1656 impiorum
610 1570 843 1648 voluntatibus
864 1567 1115 1632 recordationes
1137 1588 1254 1632 aoru-
1275 1567 1396 1652 quibua

289 1657 540 1740 torquebuntur
560 1652 790 1739 permansurae
814 1652 876 1716 eae
897 1671 968 1715 non
989 1651 1029 1715 lit
1049 1653 1253 1736 negandum.
1296 1647 1394 1713 aliud

198 1739 203 1750 '
290 1737 334 1802 est
365 1737 456 1802 enim
484 1758 620 1801 omnem
649 1735 812 1800 malitiam
842 1733 1044 1820 generaliter
1076 1734 1113 1798 in
1137 1731 1231 1798 omni
1253 1737 1397 1798 bumana

284 1819 408 1904 ,natura
429 1821 566 1907 penitae
588 1818 731 1892 aboleri,
753 1819 845 1882 aliud
864 1818 1051 1904 phantaliaa
1070 1823 1159 1897 ejua,
1181 1815 1330 1882 malitiae
1348 1815 1394 1882 di·

211 1921 218 1938 ·
290 1925 350 1980 co,
377 1902 414 1968 in
436 1903 572 1989 propria
594 1900 800 1967 conscientia
824 1923 941 1966 eorum
985 1923 1047 1966 uos
1068 1901 1105 1964 in
1127 1905 1192 1966 bac
1211 1899 1283 1966 vita
1301 1898 1395 1964 vitia-
1454 1907 1455 1964 l

288 2003 385 2052 verat
405 1987 534 2071 semper
554 1984 694 2057 servari,
713 2006 826 2070 ‚eoque
846 1987 950 2050 modo
963 1923 1100 2070 lemper
1119 1982 1256 2071 punirit
1287 2003 1397 2069 quem·

290 2072 473 2134 admodum
504 2067 597 2133 aliud
624 2068 668 2132 est
698 2071 838 2132 eandem
871 2061 1052 2132 humar'ram
1075 2084 1228 2131 naturam
1249 2065 1289 2132 ira
1308 2067 1396 2132 luam

288 2151 430 2238 gratiam
452 2174 551 2238 quam
572 2155 745 2236 peccando
762 2149 970 2238 perdiderat,
997 2150 1132 2215 divinae
1146 2150 1307 2215 videlicet
1321 2149 1397 2214 ima·

289 2232 380 2321 ginia
410 2233 608 2320 dignitatern
636 2233 784 2319 restitui3
813 2233 907 2312 aliud
929 2232 1196 2320 uniuscujusque
1219 2235 1399 2298 electorum

313 2316 460 2404 ropriam
482 2317 519 2381 in
539 2315 640 2382 bonit
660 2317 789 2382 matitia
812 2317 1077 2393 conscientiam,
1100 2339 1165 2403 qua
1187 2315 1223 2380 in
1245 2320 1310 2382 bac
1330 2317 1397 2379 rita

325 2423 364 2465 eo
387 2402 447 2466 luo
468 2401 504 2464 in
528 2399 685 2466 omnibus
706 2399 915 2475 servierunt,
937 2400 1036 2486 super
1057 2422 1192 2465 omnem
1212 2400 1397 2465 humanita-

288 2483 334 2548 tia
355 2483 518 2550 virtutem
539 2483 706 2558 deificari,
730 2505 838 2570 eoque
859 2485 968 2548 modo.
985 2483 1113 2570 iamper
1134 2504 1173 2547 ac
1194 2485 1292 2548 beate
1309 2482 1398 2548 rive·

289 2589 327 2631 re
358 2582 392 2632 et
420 2569 457 2631 ru
483 2590 518 2631 er
547 2567 662 2632 omnia
695 2589 780 2653 quae
809 2567 888 2632 lunt
917 2567 1063 2630 exaltari.
1105 2567 1156 2630 lbi
1178 2565 1270 2632 enim
1291 2581 1400 2638 eraut,

267 2646 352 2722 ,ubi
373 2651 418 2714 est
438 2591 617 2736 illaquam
637 2649 674 2715 in
697 2653 761 2716 hac
781 2649 850 2714 vita
872 2648 1063 2715 dilexerunt
1074 2665 1092 2726 ,¹
1114 2665 1148 2714 et
1172 2650 1303 2736 semper
1323 2672 1401 2714 eum

290 2731 406 2798 videre
428 2735 678 2832 appetiverunt.

354 2830 406 2897 μ’
430 2821 497 2882 Hac
517 2816 665 2882 occurrit
684 2814 885 2902 quintuplex
903 2814 1113 2882 rationabilia
1125 2819 1404 2882 creaturaetbeo-

290 2899 352 2965 ria.
395 2904 508 2965 Prima
529 2899 620 2965 enim
642 2895 946 2984 speculatioipfiua
968 2899 1030 2973 est,
1063 2898 1098 2963 in
1121 2899 1269 2986 generali
1291 2899 1350 2964 illa
1372 2915 1406 2965 et

163 2980 173 3005 '
290 2984 466 3048 communi
490 2981 759 3067 substantialique
777 2979 904 3045 virtute
922 3004 988 3068 qua
1005 3003 1123 3048 omnes
1136 2982 1294 3048 hominea
1308 2983 1406 3048 fimnl

292 3081 328 3130 et
357 3066 515 3131 [amelin
537 3064 645 3151 prima
669 3069 740 3146 ejua
761 3063 961 3130 conditione
983 3086 1054 3130 eam
1102 3065 1305 3152 articipaut,
1340 3068 1408 3132 fiae

290 3147 376 3212 boni
397 3149 461 3212 fint
481 3149 547 3212 live
566 3147 657 3213 mali,
701 3149 869 3219 Secunda,
892 3148 929 3211 in
950 3169 1052 3234 proce
1092 3149 1214 3216 onibua
1237 3149 1344 3236 ipsrua
1369 3150 1407 3216 iu

290 3231 381 3295 hanc
399 3230 506 3296 vitam
526 3232 703 3296 mortalem
722 3253 783 3316 per
802 3229 1007 3317 singulorum
1027 3231 1206 3298 hominum
1229 3255 1271 3298 ex
1288 3255 1410 3332 corpo·

191 3385 193 3400 ¹
291 3312 385 3378 ribua
408 3314 670 3411 generationem.
716 3317 847 3391 Tertia,
887 3312 924 3377 in
947 3313 1062 3380 reditu
1082 3315 1184 3402 ipfiua
1205 3319 1413 3403 generaliter

291 3418 354 3484 per
375 3397 514 3483 [capiam
534 3397 572 3462 in
595 3395 786 3482 angelicum
806 3397 924 3461 ilatum
946 3420 1046 3484 quem
1070 3400 1233 3474 deseruit,
1256 3399 1296 3466 in
1311 3404 1410 3464 hunc

291 3484 459 3545 mundum
480 3479 664 3545 leniibilem
686 3481 820 3546 cadena.
852 3482 1002 3578 Quarta,
1027 3481 1064 3546 iu
1087 3481 1139 3548 hia
1183 3482 1220 3546 ui
1242 3503 1320 3550 eam
1337 3507 1411 3566 par-

292 3560 457 3650 ticipant,
480 3580 515 3629 et
535 3565 572 3628 in
594 3567 658 3627 hac
678 3562 813 3627 mortali
834 3584 943 3632 carne,
956 3563 1131 3640 viventes,
1161 3505 1294 3651 tleipioa
1316 3587 1410 3631 com·

290 3669 498 3734 murramque
519 3648 610 3712 [uam
630 3661 802 3721 naturam,
825 3666 865 3710 ac
885 3647 984 3733 super
1003 3647 1117 3712 omnia
1134 3663 1321 3716 creatorem
1338 3671 1410 3716 om-

291 3729 389 3794 nium
419 3746 634 3817 quaerentes,
667 3729 790 3794 merito
818 3728 899 3798 luae
915 3729 1072 3818 propriae
1094 3733 1264 3796 arbonae
1285 3735 1413 3798 volun-

177 3859 178 3862 *
292 3815 371 3876 tatia
387 3813 491 3898 gratia
509 3817 596 3877 doce
611 3813 652 3878 ad
661 3832 875 3877 communem
884 3813 1108 3879 luaenamrae
1116 3813 1189 3878 inte
1232 3813 1413 3882 'tatame-

266 3885 275 3906 ‘
293 3893 366 3958 dire
376 3895 490 3981 adepti
501 3894 789 3980 luntracdeintle
799 3897 890 3961 dono
899 3895 1037 3962 divinae
1044 3896 1169 3984 gratiae
1193 3919 1280 3984 uper
1289 3899 1410 3964 omnia

291 3975 365 4062 poll
377 3978 410 4040 se
424 3977 675 4066 relinquentes,
698 3978 813 4043 omnia
830 3975 868 4042 in
886 3979 996 4066 ipsum
1015 3983 1128 4046 Deum
1150 3982 1409 4047 tranaferentet.

286 4055 421 4212 'patinea
445 4061 629 4147 speculatio
656 4061 717 4135 est,
757 4083 890 4128 eorum
904 4061 965 4148 qui
995 4061 1229 4130 universaliter
1261 4081 1409 4132 naturae

305 4143 387 4210 alita
408 4147 514 4223 bona,
538 4166 625 4233 quae
644 4143 823 4234 omnibua,
849 4141 989 4214 nembro
1009 4161 1173 4234 excepto,
1196 4147 1320 4215 divina
1344 4149 1407 4214 iar·
1454 4159 1455 4180 ¹
