2922 4978
477 171 587 301 uae
607 230 774 316 amaa.
1105 221 1181 306 aot

70 410 230 482 bunnia
243 413 619 501 zngnnmmionibua,
643 431 866 480 veruntamen
889 416 1050 504 quoniam
1071 416 1181 484 omni·

66 519 119 564 no
140 497 204 562 elia
225 497 300 584 lpse
320 495 421 568 etiam
436 497 483 562 in
504 499 558 562 hia
580 498 640 586 qui
660 502 761 586 paulo
786 499 946 566 minorati
966 502 1045 564 sunt
1065 521 1181 588 opera·
1210 525 1217 542 ‘

67 597 163 646 retur
182 579 378 646 bominibus
399 581 437 647 in
458 581 564 669 ipsam
585 581 758 662 definitam
780 583 916 649 factoria
934 583 1070 649 consilio
1085 605 1179 652 meu·

68 666 179 729 sura'm
202 664 448 730 humanitatem
468 687 605 754 augeae.
655 665 691 729 Si
712 689 793 732 vero
815 681 1006 734 coarctatur
1026 665 1103 765 quie
1125 691 1180 755 ge·

65 747 257 814 uenationis
287 747 474 814 animarum
501 751 649 814 modum·
670 749 682 812 i
705 752 710 798 ἶ
732 750 863 825 uirens,
898 750 961 814 nifi
989 752 1181 837 alligaretur

65 830 267 928 nuptiarum
291 831 523 918 cooperationi
544 771 963 921 homo‚r¹e¹spondebimusa
986 848 1020 897 et
1033 845 1104 898 'noa
1122 855 1179 898 an-

65 915 199 1014 gelicae
219 913 417 980 substantiae
435 919 592 989 modum,
616 921 786 1002 quomodo
808 917 953 982 infinitis
973 917 1181 999 myriadibus

63 997 119 1062 alli
150 1012 186 1061 et
216 1019 282 1062 una
312 998 447 1064 essentia
476 998 634 1074 exiliunt,
670 1015 704 1063 et
733 999 770 1065 in
803 1001 919 1067 multia
939 1016 1179 1077 numeranturt

62 1083 136 1146 hoc
158 1079 247 1144 enim
271 1097 348 1168 apte
367 1082 643 1169 respondebimus
665 1105 726 1170 pro
754 1083 890 1158 crrenti,
904 1086 1084 1182 ⁴quomodo
1102 1085 1181 1149 esset

62 1165 139 1228 fine
159 1163 289 1250 nuptiis
314 1169 428 1241 homo,
441 1167 602 1238 dicentes.
623 1166 707 1230 ficut
725 1107 802 1231 siant
815 1169 926 1255 angeli
943 1169 1012 1232 fine
1027 1167 1178 1253 nuptiirr

62 1246 245 1312 hominem
262 1249 368 1314 enim
396 1251 535 1314 similem
555 1249 623 1313 illie
644 1248 739 1315 fuiffe
761 1267 839 1316 ante
884 1251 1182 1316 raevaricationem

63 1331 215 1396 ostendit
234 1330 305 1418 ipsa
325 1331 362 1396 iu
384 1333 481 1404 illum
502 1333 625 1398 iterum
646 1333 822 1399 restitutio.
898 1334 927 1398 ie
947 1332 1070 1398 iterum
1092 1356 1180 1400 ano·

63 1412 122 1478 bie
142 1413 193 1480 fic·
207 1419 277 1493 jam
296 1417 384 1480 bene
406 1415 581 1492 discretis,
602 1420 662 1481 ‚ad
683 1417 829 1515 priora
850 1417 1017 1482 rationem
1036 1419 1182 1481 redeun·

65 1500 168 1562 dum=
188 1498 252 1562 ella
283 1501 456 1584 quomodo
473 1500 561 1586 post
591 1501 865 1566 constitutionem
896 1498 1054 1586 imaginis
1071 1499 1181 1586 ‘ipsam

62 1581 264 1646 secundum⁴
281 1585 469 1646 maeculum
497 1598 532 1648 et
562 1584 745 1648 foeminam
769 1584 1180 1668 differentiamesuperma·
1222 1593 1227 1606 ’

61 1664 226 1728 chinatua
248 1665 294 1730 est
314 1670 407 1730 Deua
429 1666 634 1732 formationi.
689 1671 827 1736 adhoc
848 1669 938 1733 enim
962 1667 1042 1732 dico
1060 1668 1180 1733 utilem

62 1749 132 1812 elle
160 1747 464 1836 priua·perfectam
492 1773 510 1814 a
540 1749 641 1816 nobie
663 1750 856 1816 Theoriam.
900 1751 970 1835 Qui
991 1751 1082 1815 enim
1108 1773 1178 1815 om·
1215 1791 1218 1800 «

61 1831 129 1896 nia
148 1831 291 1896 adduxit
310 1832 346 1898 in
371 1833 457 1910 else,¹
474 1849 651 1922 totumque
672 1836 709 1900 in
730 1836 787 1899 sua
808 1837 984 1900 voluntate
1004 1829 1179 1899 bominem

62 1917 108 1979 ad
133 1914 285 1980 divinam
305 1916 487 2004 imaginem
510 1918 686 1993 fumavit,
711 1941 782 1983 non
801 1917 963 2006 paulatim
983 1917 1180 1997 adjectioni·

62 1999 346 2066 buariuturorum
367 2023 476 2066 morae
493 2002 594 2080 iecit,
615 2002 751 2068 sciendo
769 2003 806 2066 in
822 2003 913 2066 suam
927 1999 1179 2088 plenitudinem

62 2081 259 2148 animarum
280 2106 461 2150 numerum
481 2085 747 2172 perficiendum:
775 2088 832 2150 sed
854 2082 1051 2154 cumulatim
1066 2083 1142 2149 ini
1167 2116 1181 2136 ο

60 2165 96 2232 [a
127 2167 346 2257 plenitudine
380 2189 516 2234 omnem
537 2174 720 2234 humanam
741 2187 894 2234 naturam
913 2192 977 2267 per
997 2107 1182 2254 prognoffi·

60 2269 140 2314 cam
165 2249 397 2336 operationem
417 2253 607 2326 intellexitf
629 2254 714 2317 etin
731 2255 968 2318 excelfitudane
984 2267 1019 2315 et
1034 2252 1070 2315 in
1085 2271 1181 2337 coae-

61 2331 160 2420 quali
182 2333 310 2422 angelis
331 2335 445 2422 quiete
465 2335 712 2401 honorificavit.
756 2336 928 2421 Quoniam
949 2355 1030 2398 vero
1049 2333 1179 2420 praevi·

61 2417 120 2481 dit
139 2437 214 2482 non
235 2433 326 2481 recte
348 2435 486 2483 euntem
510 2423 551 2482 ad
572 2423 695 2484 bonam
716 2421 949 2492 voluntatem,
978 2433 1078 2503 atque
1099 2417 1179 2484 ideo

62 2521 107 2564 ex
141 2500 293 2586 angelica
321 2501 392 2574 vita
416 2505 652 2566 recedentema
681 2525 727 2566 ne
749 2502 933 2567 annuarum
956 2503 1180 2567 humanarum

20 2597 24 2604 '
59 2584 255 2650 multitudo
275 2584 501 2663 minueretur,
525 2587 648 2650 cadens
670 2608 709 2650 ex
730 2585 790 2650 illo
812 2589 915 2650 ruodo
933 2605 994 2668 per
1007 2606 1107 2669 quem
1124 2605 1181 2648 an·

61 2665 135 2764 geli
159 2669 204 2731 ad
223 2665 478 2733 multitudinem
501 2668 592 2733 aucti
607 2669 702 2745 sunt,
725 2685 903 2755 propterca
917 2666 1183 2732 convenientem

60 2773 102 2814 au
160 2765 313 2815 eccatum
337 2753 432 2838 lapsae
462 2752 664 2817 incrementi
698 2749 981 2838 excogitationem
1003 2749 1040 2813 in
1062 2765 1182 2814 natura

60 2773 313 2911 consomavit,
336 2857 398 2921 pro
421 2835 570 2920 angelica
592 2835 843 2922 magnificentia
867 2833 1065 2921 pecudalem
1085 2847 1119 2896 et
1138 2831 1182 2895 ir·

59 2917 305 2982 rationabilem
336 2941 375 2982 ex
407 2918 607 2984 seinvicem
632 2917 842 2984 suceeffiunia
865 2919 1004 2982 modum
1025 2913 1182 2980 humani·

59 3000 131 3066 tati
164 2999 323 3064 inserena.
367 3003 459 3064 Hinc
488 3001 574 3065 mihi
602 3001 738 3066 videtur
771 3002 870 3065 etiam
904 3020 1046 3085 magnue
1069 2998 1182 3063 David

61 3086 191 3150 dolena
222 3083 371 3148 hominia
397 3083 583 3159 miseriam,
615 3085 737 3151 talibue
764 3085 876 3148 verbio
903 3081 1063 3180 planxisse
1084 3096 1181 3147 natu·

60 3188 157 3234 rama
181 3166 260 3252 quia
282 3171 385 3231 homo
407 3189 485 3232 cum
507 3168 543 3232 in
566 3171 694 3232 bonore
716 3169 795 3232 esset
814 3189 884 3235 non
906 3166 1091 3242 1ntellexit‚
1123 3169 1183 3230 ho·
1234 3209 1238 3222 ι

60 3271 189 3316 norem
209 3249 327 3315 dicens
349 3253 520 3336 aequalem
544 3251 703 3337 angelicis
721 3250 954 3316 reverentiam.
988 3251 1181 3336 Propterea,

59 3339 197 3418 inquit,
221 3349 431 3419 comparatur
454 3335 499 3398 est
521 3335 682 3414 jumentis
703 3334 949 3422 insipientibus.
985 3337 1069 3398 Vere
1091 3332 1183 3398 enim

59 3416 252 3506 pecorinua
280 3417 389 3482 iactua
422 3418 483 3492 eil,
518 3417 577 3503 qui
605 3419 784 3484 animalem
820 3422 909 3482 hanc
930 3416 1184 3504 generationem

60 3498 204 3586 accepit
223 3516 361 3586 propter
382 3503 424 3564 ad
446 3500 617 3564 materiale
637 3501 930 3567 inclinationem.”
967 3504 1014 3562 M.
1037 3497 1184 3563 Praefati

31 3653 35 3665 ,
59 3587 186 3680 itaque
215 3583 330 3730 magni
360 3581 529 3730 Theologi
550 3585 652 3648 verba
674 3607 759 3671 quae
783 3607 801 3648 a
823 3600 857 3648 te
878 3583 1073 3647 introducta
1093 3583 1182 3654 sunt,

58 3668 157 3734 nilnl
189 3666 257 3730 aliu
307 3665 468 3735 videntur
504 3669 643 3739 uadem,
681 3691 780 3753 quam
803 3681 843 3729 ut
863 3664 1038 3731 hominem
1058 3663 1183 3728 intelli·

60 3770 189 3851 gamue
218 3751 288 3814 solo
316 3749 431 3815 animo
453 3764 488 3814 et
507 3747 691 3814 virtutibus
712 3750 744 3814 ei
765 3747 962 3813 naturaliter
982 3747 1107 3821 insitio,
1141 3747 1184 3810 ad

59 3830 256 3921 imaginem
277 3833 343 3898 Dei
364 3835 501 3900 sactum.
545 3834 664 3898 Insunt
685 3849 797 3898 autem
820 3832 852 3896 ei
872 3829 1055 3917 sapientia,
1077 3827 1195 3894 selene

60 3920 136 3994 tia,
166 3915 394 3982 ratiocinandi
427 3917 562 3992 virtum·
590 3929 807 4004 caeteraeque
825 3915 968 3978 virtuter
991 3913 1112 4000 quibua
1133 3933 1185 3984 ore

59 4018 172 4068 natur
193 4000 326 4078 anima,
348 4000 604 4066 similitudinem
623 3999 662 4064 in
684 4001 719 4065 se
737 3997 895 4082 creatoris
909 3996 959 4060 sui
975 3996 1183 4083 expriment:

63 4103 103 4150 et
133 4086 229 4172 quod
261 4105 379 4150 omnea
407 4085 563 4149 homines
583 4085 679 4152 simul
701 4098 736 4149 et
756 4084 856 4148 semel
877 4082 959 4146 sacti
980 4083 1042 4146 lint
1063 4079 1100 4144 in
1121 4079 1183 4144 illo

61 4190 144 4246 unt),
170 4165 313 4240 bomine
335 4171 466 4259 dequo
490 4167 650 4254 scriptum
675 4169 738 4248 est,
762 4161 937 4257 faciamus
956 4169 1117 4264 bominem
1137 4163 1185 4228 ad
