<?xml version="1.0" encoding="UTF-8"?>
<!DOCTYPE html PUBLIC "-//W3C//DTD XHTML 1.0 Transitional//EN"
    "http://www.w3.org/TR/xhtml1/DTD/xhtml1-transitional.dtd">
<html xmlns="http://www.w3.org/1999/xhtml" xml:lang="en" lang="en">
 <head>
  <title>
</title>
<meta http-equiv="Content-Type" content="text/html;charset=utf-8" />
  <meta name='ocr-system' content='tesseract 3.04.00' />
  <meta name='ocr-capabilities' content='ocr_page ocr_carea ocr_par ocr_line ocrx_word'/>
</head>
<body>
  <div class='ocr_page' id='page_1' title='image "./johannisscotier00schlgoog_0557.png"; bbox 0 0 2930 4982; ppageno 0'>
   <div class='ocr_carea' id='block_1_1' title="bbox 147 915 917 1007">
    <p class='ocr_par' dir='ltr' id='par_1_1' title="bbox 147 915 917 1007">
     <span class='ocr_line' id='line_1_1' title="bbox 147 915 917 1007; baseline -0.003 -21"><span class='ocrx_word' id='word_1_1' title='bbox 147 988 154 1004; x_wconf 59' lang='lat'><em>‚</em></span> <span class='ocrx_word' id='word_1_2' title='bbox 284 917 420 987; x_wconf 80' lang='lat' dir='ltr'><strong>naualia</strong></span> <span class='ocrx_word' id='word_1_3' title='bbox 435 915 579 1001; x_wconf 45' lang='lat' dir='ltr'><strong>,tetrice</strong></span> <span class='ocrx_word' id='word_1_4' title='bbox 607 937 641 996; x_wconf 79' lang='lat' dir='ltr'><strong>ea</strong></span> <span class='ocrx_word' id='word_1_5' title='bbox 666 919 852 1007; x_wconf 88' lang='lat' dir='ltr'><strong>corporalia</strong></span> <span class='ocrx_word' id='word_1_6' title='bbox 879 919 917 984; x_wconf 88' lang='lat' dir='ltr'><strong>in</strong></span> 
     </span>
    </p>
   </div>
   <div class='ocr_carea' id='block_1_2' title="bbox 161 231 1453 1840">
    <p class='ocr_par' dir='ltr' id='par_1_2' title="bbox 161 231 1453 1840">
     <span class='ocr_line' id='line_1_2' title="bbox 286 231 1061 318; baseline -0.013 -8"><span class='ocrx_word' id='word_1_7' title='bbox 286 236 368 310; x_wconf 75' lang='lat' dir='ltr'><strong>too</strong></span> <span class='ocrx_word' id='word_1_8' title='bbox 611 235 666 306; x_wconf 81' lang='lat' dir='ltr'><strong>sle</strong></span> <span class='ocrx_word' id='word_1_9' title='bbox 684 236 868 306; x_wconf 64' lang='lat' dir='ltr'><strong>sliam</strong></span> <span class='ocrx_word' id='word_1_10' title='bbox 889 231 1061 318; x_wconf 67' lang='lat' dir='ltr'><strong>Neaerae.</strong></span> 
     </span>
     <span class='ocr_line' id='line_1_3' title="bbox 289 367 1394 518; baseline -0.001 -32"><span class='ocrx_word' id='word_1_11' title='bbox 289 437 462 486; x_wconf 78' lang='lat' dir='ltr'><strong>terrarum.</strong></span> <span class='ocrx_word' id='word_1_12' title='bbox 501 367 635 518; x_wconf 59' lang='grc' dir='ltr'><strong>ἱριιίιιια</strong></span> <span class='ocrx_word' id='word_1_13' title='bbox 661 417 883 508; x_wconf 82' lang='lat' dir='ltr'><strong>omniumque</strong></span> <span class='ocrx_word' id='word_1_14' title='bbox 902 397 1023 484; x_wconf 63' lang='lat' dir='ltr'><strong>ulffma</strong></span> <span class='ocrx_word' id='word_1_15' title='bbox 1043 413 1165 484; x_wconf 75' lang='lat' dir='ltr'><strong>divido</strong></span> <span class='ocrx_word' id='word_1_16' title='bbox 1176 415 1236 482; x_wconf 70' lang='lat' dir='ltr'><strong>&#39;esl&#39;</strong></span> <span class='ocrx_word' id='word_1_17' title='bbox 1248 415 1394 485; x_wconf 77' lang='lat' dir='ltr'><strong>hominia</strong></span> 
     </span>
     <span class='ocr_line' id='line_1_4' title="bbox 287 499 1393 600; baseline -0.006 -29"><span class='ocrx_word' id='word_1_18' title='bbox 287 505 326 572; x_wconf 90' lang='lat' dir='ltr'><strong>in</strong></span> <span class='ocrx_word' id='word_1_19' title='bbox 355 503 541 570; x_wconf 80' lang='lat' dir='ltr'><strong>marculum</strong></span> <span class='ocrx_word' id='word_1_20' title='bbox 574 519 609 568; x_wconf 89' lang='lat' dir='ltr'><strong>et</strong></span> <span class='ocrx_word' id='word_1_21' title='bbox 637 503 832 576; x_wconf 87' lang='lat' dir='ltr'><strong>foeminam.</strong></span> <span class='ocrx_word' id='word_1_22' title='bbox 875 506 914 568; x_wconf 91' lang='lat' dir='ltr'><strong>ln</strong></span> <span class='ocrx_word' id='word_1_23' title='bbox 945 523 1032 600; x_wconf 84' lang='lat' dir='ltr'><strong>qno,</strong></span> <span class='ocrx_word' id='word_1_24' title='bbox 1064 499 1226 570; x_wconf 86' lang='lat' dir='ltr'><strong>videlicet</strong></span> <span class='ocrx_word' id='word_1_25' title='bbox 1239 501 1393 577; x_wconf 69' lang='lat' dir='ltr'><strong>&#39;homine</strong></span> 
     </span>
     <span class='ocr_line' id='line_1_5' title="bbox 229 583 1394 674; baseline -0.003 -20"><span class='ocrx_word' id='word_1_26' title='bbox 229 671 231 674; x_wconf 16' lang='grc' dir='ltr'>Ι</span> <span class='ocrx_word' id='word_1_27' title='bbox 289 587 400 654; x_wconf 81' lang='lat' dir='ltr'><strong>omnir</strong></span> <span class='ocrx_word' id='word_1_28' title='bbox 427 601 578 650; x_wconf 86' lang='lat' dir='ltr'><strong>creatura</strong></span> <span class='ocrx_word' id='word_1_29' title='bbox 606 587 757 652; x_wconf 76' lang='lat' dir='ltr'><strong>visibilia·</strong></span> <span class='ocrx_word' id='word_1_30' title='bbox 772 603 807 652; x_wconf 90' lang='lat' dir='ltr'><strong>et</strong></span> <span class='ocrx_word' id='word_1_31' title='bbox 833 585 1009 652; x_wconf 69' lang='lat' dir='ltr'><strong>invisibilia</strong></span> <span class='ocrx_word' id='word_1_32' title='bbox 1038 583 1179 664; x_wconf 78' lang='lat' dir='ltr'><strong>condita</strong></span> <span class='ocrx_word' id='word_1_33' title='bbox 1206 583 1261 649; x_wconf 83' lang='lat' dir='ltr'><strong>est.</strong></span> <span class='ocrx_word' id='word_1_34' title='bbox 1303 587 1394 650; x_wconf 87' lang='lat' dir='ltr'><strong>Ideo·</strong></span> 
     </span>
     <span class='ocr_line' id='line_1_6' title="bbox 161 661 1394 816; baseline -0.006 -76"><span class='ocrx_word' id='word_1_35' title='bbox 161 731 163 740; x_wconf 80' lang='grc'>,</span> <span class='ocrx_word' id='word_1_36' title='bbox 286 693 355 758; x_wconf 88' lang='lat' dir='ltr'><strong>que</strong></span> <span class='ocrx_word' id='word_1_37' title='bbox 384 661 521 816; x_wconf 47' lang='grc' dir='ltr'><strong>ψώθια</strong></span> <span class='ocrx_word' id='word_1_38' title='bbox 547 675 689 735; x_wconf 86' lang='lat' dir='ltr'><strong>omnium</strong></span> <span class='ocrx_word' id='word_1_39' title='bbox 717 671 861 762; x_wconf 68' lang='lat' dir='ltr'><strong>diciturr</strong></span> <span class='ocrx_word' id='word_1_40' title='bbox 917 691 1001 734; x_wconf 88' lang='lat' dir='ltr'><strong>uum</strong></span> <span class='ocrx_word' id='word_1_41' title='bbox 1031 666 1068 732; x_wconf 90' lang='lat' dir='ltr'><strong>in</strong></span> <span class='ocrx_word' id='word_1_42' title='bbox 1099 687 1140 734; x_wconf 80' lang='lat' dir='ltr'><strong>eo</strong></span> <span class='ocrx_word' id='word_1_43' title='bbox 1176 667 1292 732; x_wconf 86' lang='lat' dir='ltr'><strong>omnia</strong></span> <span class='ocrx_word' id='word_1_44' title='bbox 1357 689 1394 732; x_wconf 89' lang='lat' dir='ltr'><strong>ae</strong></span> 
     </span>
     <span class='ocr_line' id='line_1_7' title="bbox 286 749 1395 842; baseline -0.005 -22"><span class='ocrx_word' id='word_1_45' title='bbox 286 754 361 842; x_wconf 82' lang='lat' dir='ltr'><strong>post</strong></span> <span class='ocrx_word' id='word_1_46' title='bbox 418 773 503 826; x_wconf 74' lang='lat' dir='ltr'><strong>eum,</strong></span> <span class='ocrx_word' id='word_1_47' title='bbox 523 751 603 818; x_wconf 82' lang='lat' dir='ltr'><strong>lunt</strong></span> <span class='ocrx_word' id='word_1_48' title='bbox 622 753 853 822; x_wconf 81' lang='lat' dir='ltr'><strong>eontinentur.</strong></span> <span class='ocrx_word' id='word_1_49' title='bbox 931 750 989 816; x_wconf 87' lang='lat' dir='ltr'><strong>inc</strong></span> <span class='ocrx_word' id='word_1_50' title='bbox 1010 749 1111 816; x_wconf 82' lang='lat' dir='ltr'><strong>etiarn</strong></span> <span class='ocrx_word' id='word_1_51' title='bbox 1133 752 1296 816; x_wconf 75' lang='lat' dir='ltr'><strong>medietas</strong></span> <span class='ocrx_word' id='word_1_52' title='bbox 1329 753 1395 816; x_wconf 90' lang='lat' dir='ltr'><strong>olet</strong></span> 
     </span>
     <span class='ocr_line' id='line_1_8' title="bbox 284 833 1397 982; baseline -0.005 -78"><span class='ocrx_word' id='word_1_53' title='bbox 284 835 462 936; x_wconf 84' lang='lat' dir='ltr'><strong>appellari=</strong></span> <span class='ocrx_word' id='word_1_54' title='bbox 492 850 639 902; x_wconf 74' lang='lat' dir='ltr'><strong>extrem</strong></span> <span class='ocrx_word' id='word_1_55' title='bbox 660 837 821 924; x_wconf 86' lang='lat' dir='ltr'><strong>siquidem</strong></span> <span class='ocrx_word' id='word_1_56' title='bbox 841 838 1012 982; x_wconf 75' lang='lat' dir='ltr'><strong>longepne</strong></span> <span class='ocrx_word' id='word_1_57' title='bbox 1034 855 1052 898; x_wconf 90' lang='lat' dir='ltr'><strong>a</strong></span> <span class='ocrx_word' id='word_1_58' title='bbox 1074 833 1111 912; x_wconf 34' lang='lat' dir='ltr'><strong>se,</strong></span> <span class='ocrx_word' id='word_1_59' title='bbox 1129 833 1302 982; x_wconf 52' lang='lat' dir='ltr'><strong>dlilllantia,</strong></span> <span class='ocrx_word' id='word_1_60' title='bbox 1334 833 1397 934; x_wconf 80' lang='lat' dir='ltr'><strong>spi·</strong></span> 
     </span>
     <span class='ocr_line' id='line_1_9' title="bbox 286 921 1453 1100; baseline -0.003 -32"><span class='ocrx_word' id='word_1_61' title='bbox 286 1000 455 1068; x_wconf 85' lang='lat' dir='ltr'><strong>unitatem</strong></span> <span class='ocrx_word' id='word_1_62' title='bbox 483 1001 633 1100; x_wconf 71' lang='lat' dir='ltr'><strong>colligit,</strong></span> <span class='ocrx_word' id='word_1_63' title='bbox 670 1023 812 1089; x_wconf 85' lang='lat' dir='ltr'><strong>corpore</strong></span> <span class='ocrx_word' id='word_1_64' title='bbox 837 1003 875 1066; x_wconf 82' lang='lat' dir='ltr'><strong>&#39;et</strong></span> <span class='ocrx_word' id='word_1_65' title='bbox 897 921 1397 1086; x_wconf 51' lang='lat' dir='ltr'><strong>anigacppp&#39;prsteeppdrltdggqpp</strong></span> <span class='ocrx_word' id='word_1_66' title='bbox 1452 1051 1453 1056; x_wconf 29' lang='lat'>1</span> 
     </span>
     <span class='ocr_line' id='line_1_10' title="bbox 286 1082 1453 1170; baseline -0.005 -18"><span class='ocrx_word' id='word_1_67' title='bbox 286 1085 325 1152; x_wconf 89' lang='lat' dir='ltr'><strong>in</strong></span> <span class='ocrx_word' id='word_1_68' title='bbox 347 1085 639 1152; x_wconf 75' lang='lat' dir='ltr'><strong>consummatione</strong></span> <span class='ocrx_word' id='word_1_69' title='bbox 658 1109 769 1154; x_wconf 80' lang='lat' dir='ltr'><strong>aarum</strong></span> <span class='ocrx_word' id='word_1_70' title='bbox 791 1086 945 1152; x_wconf 87' lang='lat' dir='ltr'><strong>omnium</strong></span> <span class='ocrx_word' id='word_1_71' title='bbox 971 1082 1201 1152; x_wconf 72' lang='lat' dir='ltr'><strong>fabricationis</strong></span> <span class='ocrx_word' id='word_1_72' title='bbox 1222 1082 1332 1170; x_wconf 86' lang='lat' dir='ltr'><strong>ipsum</strong></span> <span class='ocrx_word' id='word_1_73' title='bbox 1349 1084 1397 1147; x_wconf 92' lang='lat' dir='ltr'><strong>di·</strong></span> <span class='ocrx_word' id='word_1_74' title='bbox 1452 1161 1453 1164; x_wconf 8' lang='grc' dir='ltr'><strong>Ἴ</strong></span> 
     </span>
     <span class='ocr_line' id='line_1_11' title="bbox 204 1165 1394 1268; baseline -0.003 -34"><span class='ocrx_word' id='word_1_75' title='bbox 204 1197 207 1222; x_wconf 65' lang='lat'>1</span> <span class='ocrx_word' id='word_1_76' title='bbox 261 1168 368 1234; x_wconf 60' lang='lat' dir='ltr'><strong>wint</strong></span> <span class='ocrx_word' id='word_1_77' title='bbox 396 1167 586 1253; x_wconf 76' lang='lat' dir='ltr'><strong>introduxit</strong></span> <span class='ocrx_word' id='word_1_78' title='bbox 615 1170 770 1245; x_wconf 83' lang='lat' dir='ltr'><strong>historia,</strong></span> <span class='ocrx_word' id='word_1_79' title='bbox 805 1168 995 1268; x_wconf 74' lang='lat' dir='ltr'><strong>significant</strong></span> <span class='ocrx_word' id='word_1_80' title='bbox 1023 1165 1273 1258; x_wconf 70' lang='lat' dir='ltr'><strong>universitatem</strong></span> <span class='ocrx_word' id='word_1_81' title='bbox 1294 1167 1394 1232; x_wconf 85' lang='lat' dir='ltr'><strong>sacta·</strong></span> 
     </span>
     <span class='ocr_line' id='line_1_12' title="bbox 284 1249 1397 1404; baseline -0.004 -85.004"><span class='ocrx_word' id='word_1_82' title='bbox 284 1271 361 1400; x_wconf 58' lang='lat' dir='ltr'><strong>rriapln</strong></span> <span class='ocrx_word' id='word_1_83' title='bbox 382 1273 494 1400; x_wconf 54' lang='lat' dir='ltr'><strong>rerupn</strong></span> <span class='ocrx_word' id='word_1_84' title='bbox 515 1251 552 1351; x_wconf 75' lang='lat' dir='ltr'><strong>in</strong></span> <span class='ocrx_word' id='word_1_85' title='bbox 573 1251 646 1352; x_wconf 76' lang='lat' dir='ltr'><strong>ipso</strong></span> <span class='ocrx_word' id='word_1_86' title='bbox 666 1253 847 1404; x_wconf 43' lang='lat' dir='ltr'><strong>cantipen.</strong></span> <span class='ocrx_word' id='word_1_87' title='bbox 883 1251 1037 1398; x_wconf 82' lang='lat' dir='ltr'><strong>sProinde</strong></span> <span class='ocrx_word' id='word_1_88' title='bbox 1058 1272 1098 1314; x_wconf 85' lang='lat' dir='ltr'><strong>ex</strong></span> <span class='ocrx_word' id='word_1_89' title='bbox 1120 1249 1397 1399; x_wconf 44' lang='lat' dir='ltr'><strong>zdupationplidi-</strong></span> 
     </span>
     <span class='ocr_line' id='line_1_13' title="bbox 285 1355 1397 1505; baseline -0.006 -18"><span class='ocrx_word' id='word_1_90' title='bbox 285 1357 423 1487; x_wconf 58' lang='lat' dir='ltr'><strong>titt</strong></span> <span class='ocrx_word' id='word_1_91' title='bbox 455 1357 762 1505; x_wconf 44' lang='lat' dir='ltr'><strong>studuit-‘nd</strong></span> <span class='ocrx_word' id='word_1_92' title='bbox 775 1355 1123 1486; x_wconf 55' lang='lat' dir='ltr'><strong>&#39;imraillbtl&#39;li</strong></span> <span class='ocrx_word' id='word_1_93' title='bbox 1149 1355 1397 1482; x_wconf 49' lang='lat' dir='ltr'><strong>difflui,</strong></span> 
     </span>
     <span class='ocr_line' id='line_1_14' title="bbox 284 1499 1399 1582; baseline -0.004 -14"><span class='ocrx_word' id='word_1_94' title='bbox 284 1501 380 1568; x_wconf 85' lang='lat' dir='ltr'><strong>enim</strong></span> <span class='ocrx_word' id='word_1_95' title='bbox 411 1501 509 1568; x_wconf 79' lang='lat' dir='ltr'><strong>serua</strong></span> <span class='ocrx_word' id='word_1_96' title='bbox 537 1503 725 1582; x_wconf 84' lang='lat' dir='ltr'><strong>auferetur,</strong></span> <span class='ocrx_word' id='word_1_97' title='bbox 763 1520 800 1570; x_wconf 84' lang='lat' dir='ltr'><strong>ea</strong></span> <span class='ocrx_word' id='word_1_98' title='bbox 818 1519 937 1570; x_wconf 85' lang='lat' dir='ltr'><strong>natura</strong></span> <span class='ocrx_word' id='word_1_99' title='bbox 960 1501 1182 1577; x_wconf 79' lang='lat' dir='ltr'><strong>adunabitur,</strong></span> <span class='ocrx_word' id='word_1_100' title='bbox 1211 1517 1246 1565; x_wconf 90' lang='lat' dir='ltr'><strong>et</strong></span> <span class='ocrx_word' id='word_1_101' title='bbox 1266 1499 1331 1564; x_wconf 88' lang='lat' dir='ltr'><strong>erit</strong></span> <span class='ocrx_word' id='word_1_102' title='bbox 1352 1501 1399 1564; x_wconf 94' lang='lat' dir='ltr'><strong>so·</strong></span> 
     </span>
     <span class='ocr_line' id='line_1_15' title="bbox 287 1584 1400 1672; baseline -0.004 -20"><span class='ocrx_word' id='word_1_103' title='bbox 287 1588 464 1668; x_wconf 86' lang='lat' dir='ltr'><strong>lummodo</strong></span> <span class='ocrx_word' id='word_1_104' title='bbox 491 1589 611 1663; x_wconf 86' lang='lat' dir='ltr'><strong>homo,</strong></span> <span class='ocrx_word' id='word_1_105' title='bbox 634 1591 741 1658; x_wconf 76' lang='lat' dir='ltr'><strong>licut</strong></span> <span class='ocrx_word' id='word_1_106' title='bbox 756 1589 871 1663; x_wconf 88' lang='lat' dir='ltr'><strong>lieret,</strong></span> <span class='ocrx_word' id='word_1_107' title='bbox 903 1587 928 1652; x_wconf 88' lang='lat' dir='ltr'><strong>sr</strong></span> <span class='ocrx_word' id='word_1_108' title='bbox 955 1607 1026 1652; x_wconf 90' lang='lat' dir='ltr'><strong>non</strong></span> <span class='ocrx_word' id='word_1_109' title='bbox 1058 1599 1223 1672; x_wconf 86' lang='lat' dir='ltr'><strong>peccaret.</strong></span> <span class='ocrx_word' id='word_1_110' title='bbox 1264 1584 1400 1648; x_wconf 85' lang='lat' dir='ltr'><strong>Deinde</strong></span> 
     </span>
     <span class='ocr_line' id='line_1_16' title="bbox 286 1666 1401 1760; baseline -0.004 -25"><span class='ocrx_word' id='word_1_111' title='bbox 286 1668 378 1735; x_wconf 85' lang='lat' dir='ltr'><strong>orbia</strong></span> <span class='ocrx_word' id='word_1_112' title='bbox 408 1685 570 1739; x_wconf 81' lang='lat' dir='ltr'><strong>terrarum</strong></span> <span class='ocrx_word' id='word_1_113' title='bbox 600 1671 819 1760; x_wconf 84' lang='lat' dir='ltr'><strong>inparadiso</strong></span> <span class='ocrx_word' id='word_1_114' title='bbox 850 1669 1071 1745; x_wconf 74' lang='lat' dir='ltr'><strong>adunabitur:</strong></span> <span class='ocrx_word' id='word_1_115' title='bbox 1102 1683 1137 1734; x_wconf 85' lang='lat' dir='ltr'><strong>et</strong></span> <span class='ocrx_word' id='word_1_116' title='bbox 1156 1689 1228 1734; x_wconf 90' lang='lat' dir='ltr'><strong>non</strong></span> <span class='ocrx_word' id='word_1_117' title='bbox 1250 1666 1315 1750; x_wconf 76' lang='lat' dir='ltr'><strong>erit</strong></span> <span class='ocrx_word' id='word_1_118' title='bbox 1337 1667 1401 1731; x_wconf 77' lang='lat' dir='ltr'><strong>nisa</strong></span> 
     </span>
     <span class='ocr_line' id='line_1_17' title="bbox 285 1751 1398 1840; baseline -0.001 -24"><span class='ocrx_word' id='word_1_119' title='bbox 285 1751 468 1840; x_wconf 76' lang='lat' dir='ltr'><strong>paradisus.</strong></span> <span class='ocrx_word' id='word_1_120' title='bbox 511 1753 646 1821; x_wconf 77' lang='lat' dir='ltr'><strong>Deinde</strong></span> <span class='ocrx_word' id='word_1_121' title='bbox 668 1756 800 1822; x_wconf 89' lang='lat' dir='ltr'><strong>coelum</strong></span> <span class='ocrx_word' id='word_1_122' title='bbox 825 1770 859 1820; x_wconf 90' lang='lat' dir='ltr'><strong>et</strong></span> <span class='ocrx_word' id='word_1_123' title='bbox 880 1769 967 1820; x_wconf 89' lang='lat' dir='ltr'><strong>terra</strong></span> <span class='ocrx_word' id='word_1_124' title='bbox 990 1755 1247 1818; x_wconf 76' lang='lat' dir='ltr'><strong>adunabuntura</strong></span> <span class='ocrx_word' id='word_1_125' title='bbox 1271 1765 1306 1815; x_wconf 90' lang='lat' dir='ltr'><strong>et</strong></span> <span class='ocrx_word' id='word_1_126' title='bbox 1325 1771 1398 1815; x_wconf 90' lang='lat' dir='ltr'><strong>non</strong></span> 
     </span>
    </p>
   </div>
   <div class='ocr_carea' id='block_1_3' title="bbox 151 1831 1398 1922">
    <p class='ocr_par' dir='ltr' id='par_1_3' title="bbox 151 1831 1398 1922">
     <span class='ocr_line' id='line_1_18' title="bbox 151 1831 1398 1922; baseline -0.002 -21"><span class='ocrx_word' id='word_1_127' title='bbox 151 1831 154 1838; x_wconf 74' lang='grc'>’</span> <span class='ocrx_word' id='word_1_128' title='bbox 283 1836 352 1901; x_wconf 87' lang='lat' dir='ltr'><strong>erit</strong></span> <span class='ocrx_word' id='word_1_129' title='bbox 368 1835 440 1908; x_wconf 63' lang='lat' dir='ltr'><strong>»nist</strong></span> <span class='ocrx_word' id='word_1_130' title='bbox 469 1836 578 1902; x_wconf 87' lang='lat' dir='ltr'><strong>solum</strong></span> <span class='ocrx_word' id='word_1_131' title='bbox 610 1839 774 1904; x_wconf 52' lang='lat' dir='ltr'><strong>coelum(</strong></span> <span class='ocrx_word' id='word_1_132' title='bbox 800 1841 844 1904; x_wconf 86' lang='lat' dir='ltr'><strong>Et</strong></span> <span class='ocrx_word' id='word_1_133' title='bbox 872 1841 1063 1904; x_wconf 88' lang='lat' dir='ltr'><strong>notandum</strong></span> <span class='ocrx_word' id='word_1_134' title='bbox 1084 1837 1178 1922; x_wconf 86' lang='lat' dir='ltr'><strong>quod</strong></span> <span class='ocrx_word' id='word_1_135' title='bbox 1198 1836 1327 1920; x_wconf 86' lang='lat' dir='ltr'><strong>semper</strong></span> <span class='ocrx_word' id='word_1_136' title='bbox 1347 1833 1398 1898; x_wconf 87' lang='lat' dir='ltr'><strong>in·</strong></span> 
     </span>
    </p>
   </div>
   <div class='ocr_carea' id='block_1_4' title="bbox 204 1915 1407 3670">
    <p class='ocr_par' dir='ltr' id='par_1_4' title="bbox 204 1915 1407 3670">
     <span class='ocr_line' id='line_1_19' title="bbox 284 1915 1400 2016; baseline -0.003 -30"><span class='ocrx_word' id='word_1_137' title='bbox 284 1919 409 1986; x_wconf 77' lang='lat' dir='ltr'><strong>feriore</strong></span> <span class='ocrx_word' id='word_1_138' title='bbox 430 1918 468 1984; x_wconf 87' lang='lat' dir='ltr'><strong>in</strong></span> <span class='ocrx_word' id='word_1_139' title='bbox 490 1920 661 2006; x_wconf 79' lang='lat' dir='ltr'><strong>superiora</strong></span> <span class='ocrx_word' id='word_1_140' title='bbox 682 1936 961 1988; x_wconf 87' lang='lat' dir='ltr'><strong>tranamutantur.</strong></span> <span class='ocrx_word' id='word_1_141' title='bbox 1004 1921 1108 1984; x_wconf 73' lang='lat' dir='ltr'><strong>Sexus</strong></span> <span class='ocrx_word' id='word_1_142' title='bbox 1130 1916 1257 2016; x_wconf 88' lang='lat' dir='ltr'><strong>qnippe</strong></span> <span class='ocrx_word' id='word_1_143' title='bbox 1277 1915 1315 1981; x_wconf 92' lang='lat' dir='ltr'><strong>in</strong></span> <span class='ocrx_word' id='word_1_144' title='bbox 1336 1920 1400 1983; x_wconf 88' lang='lat' dir='ltr'><strong>ho·</strong></span> 
     </span>
     <span class='ocr_line' id='line_1_20' title="bbox 284 1999 1401 2092; baseline 0 -26"><span class='ocrx_word' id='word_1_145' title='bbox 284 2001 414 2079; x_wconf 79' lang='lat' dir='ltr'><strong>minem</strong></span> <span class='ocrx_word' id='word_1_146' title='bbox 437 2019 610 2079; x_wconf 87' lang='lat' dir='ltr'><strong>movetur,</strong></span> <span class='ocrx_word' id='word_1_147' title='bbox 637 2027 743 2092; x_wconf 85' lang='lat' dir='ltr'><strong>quum</strong></span> <span class='ocrx_word' id='word_1_148' title='bbox 764 2004 905 2070; x_wconf 85' lang='lat' dir='ltr'><strong>inferior</strong></span> <span class='ocrx_word' id='word_1_149' title='bbox 927 2004 972 2068; x_wconf 84' lang='lat' dir='ltr'><strong>est</strong></span> <span class='ocrx_word' id='word_1_150' title='bbox 993 2004 1087 2087; x_wconf 76' lang='lat' dir='ltr'><strong>serua</strong></span> <span class='ocrx_word' id='word_1_151' title='bbox 1107 2003 1258 2070; x_wconf 85' lang='lat' dir='ltr'><strong>bomnre.</strong></span> <span class='ocrx_word' id='word_1_152' title='bbox 1299 1999 1401 2066; x_wconf 72' lang='lat' dir='ltr'><strong>Orbis</strong></span> 
     </span>
     <span class='ocr_line' id='line_1_21' title="bbox 286 2083 1403 2174; baseline -0.003 -25"><span class='ocrx_word' id='word_1_153' title='bbox 286 2101 449 2149; x_wconf 83' lang='lat' dir='ltr'><strong>terrarum</strong></span> <span class='ocrx_word' id='word_1_154' title='bbox 481 2086 540 2172; x_wconf 91' lang='lat' dir='ltr'><strong>qui</strong></span> <span class='ocrx_word' id='word_1_155' title='bbox 571 2085 713 2154; x_wconf 81' lang='lat' dir='ltr'><strong>inferior</strong></span> <span class='ocrx_word' id='word_1_156' title='bbox 743 2089 805 2162; x_wconf 81' lang='lat' dir='ltr'><strong>ess,</strong></span> <span class='ocrx_word' id='word_1_157' title='bbox 841 2088 881 2152; x_wconf 88' lang='lat' dir='ltr'><strong>in</strong></span> <span class='ocrx_word' id='word_1_158' title='bbox 908 2087 1108 2174; x_wconf 82' lang='lat' dir='ltr'><strong>paradisum.</strong></span> <span class='ocrx_word' id='word_1_159' title='bbox 1149 2087 1300 2150; x_wconf 83' lang='lat' dir='ltr'><strong>Terrena</strong></span> <span class='ocrx_word' id='word_1_160' title='bbox 1321 2083 1403 2170; x_wconf 88' lang='lat' dir='ltr'><strong>qnia</strong></span> 
     </span>
     <span class='ocr_line' id='line_1_22' title="bbox 285 2167 1404 2258; baseline -0.003 -24"><span class='ocrx_word' id='word_1_161' title='bbox 285 2167 447 2234; x_wconf 82' lang='lat' dir='ltr'><strong>inferiora</strong></span> <span class='ocrx_word' id='word_1_162' title='bbox 468 2170 564 2244; x_wconf 88' lang='lat' dir='ltr'><strong>sunt,</strong></span> <span class='ocrx_word' id='word_1_163' title='bbox 597 2171 635 2238; x_wconf 89' lang='lat' dir='ltr'><strong>in</strong></span> <span class='ocrx_word' id='word_1_164' title='bbox 657 2169 807 2238; x_wconf 80' lang='lat' dir='ltr'><strong>coelestia</strong></span> <span class='ocrx_word' id='word_1_165' title='bbox 828 2173 1051 2258; x_wconf 69' lang='lat' dir='ltr'><strong>mutabuntur</strong></span> <span class='ocrx_word' id='word_1_166' title='bbox 1072 2189 1222 2256; x_wconf 88' lang='lat' dir='ltr'><strong>corpora.</strong></span> <span class='ocrx_word' id='word_1_167' title='bbox 1265 2167 1404 2232; x_wconf 78' lang='lat' dir='ltr'><strong>Deinde</strong></span> 
     </span>
     <span class='ocr_line' id='line_1_23' title="bbox 286 2249 1402 2338; baseline -0.002 -22"><span class='ocrx_word' id='word_1_168' title='bbox 286 2249 392 2320; x_wconf 69' lang='lat' dir='ltr'><strong>totius</strong></span> <span class='ocrx_word' id='word_1_169' title='bbox 423 2252 600 2337; x_wconf 72' lang='lat' dir='ltr'><strong>sensibilia,</strong></span> <span class='ocrx_word' id='word_1_170' title='bbox 621 2269 792 2324; x_wconf 80' lang='lat' dir='ltr'><strong>creaturae</strong></span> <span class='ocrx_word' id='word_1_171' title='bbox 813 2252 995 2326; x_wconf 85' lang='lat' dir='ltr'><strong>adunatio,</strong></span> <span class='ocrx_word' id='word_1_172' title='bbox 1034 2251 1125 2324; x_wconf 84' lang='lat' dir='ltr'><strong>etin</strong></span> <span class='ocrx_word' id='word_1_173' title='bbox 1149 2250 1402 2338; x_wconf 80' lang='lat' dir='ltr'><strong>intelligibilem</strong></span> 
     </span>
     <span class='ocr_line' id='line_1_24' title="bbox 286 2329 1403 2424; baseline -0.001 -26"><span class='ocrx_word' id='word_1_174' title='bbox 286 2335 523 2401; x_wconf 79' lang='lat' dir='ltr'><strong>transmutatio</strong></span> <span class='ocrx_word' id='word_1_175' title='bbox 555 2337 722 2424; x_wconf 82' lang='lat' dir='ltr'><strong>sequitur:</strong></span> <span class='ocrx_word' id='word_1_176' title='bbox 753 2329 803 2401; x_wconf 78' lang='lat' dir='ltr'><strong>iti</strong></span> <span class='ocrx_word' id='word_1_177' title='bbox 831 2353 871 2402; x_wconf 87' lang='lat' dir='ltr'><strong>ut</strong></span> <span class='ocrx_word' id='word_1_178' title='bbox 892 2336 1047 2402; x_wconf 85' lang='lat' dir='ltr'><strong>universa</strong></span> <span class='ocrx_word' id='word_1_179' title='bbox 1069 2351 1219 2400; x_wconf 87' lang='lat' dir='ltr'><strong>creatura</strong></span> <span class='ocrx_word' id='word_1_180' title='bbox 1240 2333 1403 2420; x_wconf 83' lang='lat' dir='ltr'><strong>intelligi-</strong></span> 
     </span>
     <span class='ocr_line' id='line_1_25' title="bbox 284 2417 1403 2486; baseline -0.005 0"><span class='ocrx_word' id='word_1_181' title='bbox 284 2417 363 2486; x_wconf 85' lang='lat' dir='ltr'><strong>bilia</strong></span> <span class='ocrx_word' id='word_1_182' title='bbox 401 2417 573 2484; x_wconf 86' lang='lat' dir='ltr'><strong>efficiatur.</strong></span> <span class='ocrx_word' id='word_1_183' title='bbox 628 2422 797 2486; x_wconf 79' lang='lat' dir='ltr'><strong>Postremo</strong></span> <span class='ocrx_word' id='word_1_184' title='bbox 832 2417 1030 2485; x_wconf 81' lang='lat' dir='ltr'><strong>universalia</strong></span> <span class='ocrx_word' id='word_1_185' title='bbox 1066 2433 1218 2483; x_wconf 89' lang='lat' dir='ltr'><strong>creatura</strong></span> <span class='ocrx_word' id='word_1_186' title='bbox 1257 2417 1403 2484; x_wconf 86' lang='lat' dir='ltr'><strong>creatori</strong></span> 
     </span>
     <span class='ocr_line' id='line_1_26' title="bbox 288 2499 1400 2600; baseline -0.002 -34"><span class='ocrx_word' id='word_1_187' title='bbox 288 2502 509 2578; x_wconf 86' lang='lat' dir='ltr'><strong>adunabitur,</strong></span> <span class='ocrx_word' id='word_1_188' title='bbox 544 2519 579 2568; x_wconf 89' lang='lat' dir='ltr'><strong>et</strong></span> <span class='ocrx_word' id='word_1_189' title='bbox 607 2504 670 2568; x_wconf 88' lang='lat' dir='ltr'><strong>erit</strong></span> <span class='ocrx_word' id='word_1_190' title='bbox 700 2503 737 2570; x_wconf 90' lang='lat' dir='ltr'><strong>in</strong></span> <span class='ocrx_word' id='word_1_191' title='bbox 767 2503 845 2590; x_wconf 36' lang='lat' dir='ltr'><strong>,ipso</strong></span> <span class='ocrx_word' id='word_1_192' title='bbox 868 2521 902 2568; x_wconf 86' lang='lat' dir='ltr'><strong>et</strong></span> <span class='ocrx_word' id='word_1_193' title='bbox 924 2525 1001 2567; x_wconf 88' lang='lat' dir='ltr'><strong>curn</strong></span> <span class='ocrx_word' id='word_1_194' title='bbox 1024 2501 1096 2600; x_wconf 90' lang='lat' dir='ltr'><strong>ipso</strong></span> <span class='ocrx_word' id='word_1_195' title='bbox 1115 2523 1234 2566; x_wconf 88' lang='lat' dir='ltr'><strong>unum.</strong></span> <span class='ocrx_word' id='word_1_196' title='bbox 1275 2503 1322 2564; x_wconf 88' lang='lat' dir='ltr'><strong>Et</strong></span> <span class='ocrx_word' id='word_1_197' title='bbox 1341 2499 1400 2564; x_wconf 85' lang='lat' dir='ltr'><strong>hic</strong></span> 
     </span>
     <span class='ocr_line' id='line_1_27' title="bbox 263 2583 1400 2682; baseline -0.002 -34"><span class='ocrx_word' id='word_1_198' title='bbox 263 2585 330 2648; x_wconf 77' lang='lat' dir='ltr'><strong>‘est</strong></span> <span class='ocrx_word' id='word_1_199' title='bbox 352 2585 430 2650; x_wconf 80' lang='lat' dir='ltr'><strong>finio</strong></span> <span class='ocrx_word' id='word_1_200' title='bbox 455 2585 608 2651; x_wconf 88' lang='lat' dir='ltr'><strong>omnium</strong></span> <span class='ocrx_word' id='word_1_201' title='bbox 630 2587 811 2652; x_wconf 80' lang='lat' dir='ltr'><strong>visibilium</strong></span> <span class='ocrx_word' id='word_1_202' title='bbox 835 2601 870 2651; x_wconf 88' lang='lat' dir='ltr'><strong>et</strong></span> <span class='ocrx_word' id='word_1_203' title='bbox 889 2585 1130 2650; x_wconf 78' lang='lat' dir='ltr'><strong>invisibilium:</strong></span> <span class='ocrx_word' id='word_1_204' title='bbox 1154 2605 1259 2682; x_wconf 70' lang='lat' dir='ltr'><strong>quum</strong></span> <span class='ocrx_word' id='word_1_205' title='bbox 1282 2583 1400 2648; x_wconf 86' lang='lat' dir='ltr'><strong>omnia</strong></span> 
     </span>
     <span class='ocr_line' id='line_1_28' title="bbox 286 2667 1402 2768; baseline -0.003 -35"><span class='ocrx_word' id='word_1_206' title='bbox 286 2667 428 2734; x_wconf 86' lang='lat' dir='ltr'><strong>vifibilia</strong></span> <span class='ocrx_word' id='word_1_207' title='bbox 450 2669 485 2734; x_wconf 92' lang='lat' dir='ltr'><strong>in</strong></span> <span class='ocrx_word' id='word_1_208' title='bbox 508 2670 759 2768; x_wconf 74' lang='lat' dir='ltr'><strong>intelligibilia,</strong></span> <span class='ocrx_word' id='word_1_209' title='bbox 791 2673 827 2734; x_wconf 86' lang='lat' dir='ltr'><strong>et‘</strong></span> <span class='ocrx_word' id='word_1_210' title='bbox 845 2668 1073 2754; x_wconf 85' lang='lat' dir='ltr'><strong>intelligibilia</strong></span> <span class='ocrx_word' id='word_1_211' title='bbox 1097 2667 1133 2734; x_wconf 89' lang='lat' dir='ltr'><strong>in</strong></span> <span class='ocrx_word' id='word_1_212' title='bbox 1155 2668 1265 2754; x_wconf 78' lang='lat' dir='ltr'><strong>ipsum</strong></span> <span class='ocrx_word' id='word_1_213' title='bbox 1286 2671 1402 2730; x_wconf 87' lang='lat' dir='ltr'><strong>Deum</strong></span> 
     </span>
     <span class='ocr_line' id='line_1_29' title="bbox 284 2751 1400 2825; baseline -0.002 -9"><span class='ocrx_word' id='word_1_214' title='bbox 284 2751 495 2825; x_wconf 72' lang='lat' dir='ltr'><strong>transibunt,</strong></span> <span class='ocrx_word' id='word_1_215' title='bbox 518 2752 663 2818; x_wconf 87' lang='lat' dir='ltr'><strong>mirabrli</strong></span> <span class='ocrx_word' id='word_1_216' title='bbox 686 2770 721 2818; x_wconf 91' lang='lat' dir='ltr'><strong>et</strong></span> <span class='ocrx_word' id='word_1_217' title='bbox 741 2752 906 2818; x_wconf 90' lang='lat' dir='ltr'><strong>ineffabili</strong></span> <span class='ocrx_word' id='word_1_218' title='bbox 927 2751 1145 2816; x_wconf 86' lang='lat' dir='ltr'><strong>adunatione.</strong></span> <span class='ocrx_word' id='word_1_219' title='bbox 1181 2751 1259 2815; x_wconf 90' lang='lat' dir='ltr'><strong>Non</strong></span> <span class='ocrx_word' id='word_1_220' title='bbox 1282 2767 1400 2816; x_wconf 87' lang='lat' dir='ltr'><strong>autern</strong></span> 
     </span>
     <span class='ocr_line' id='line_1_30' title="bbox 286 2834 1404 2922; baseline 0 -24"><span class='ocrx_word' id='word_1_221' title='bbox 286 2850 327 2898; x_wconf 89' lang='lat' dir='ltr'><strong>ut</strong></span> <span class='ocrx_word' id='word_1_222' title='bbox 357 2835 455 2922; x_wconf 88' lang='lat' dir='ltr'><strong>saepe</strong></span> <span class='ocrx_word' id='word_1_223' title='bbox 476 2835 622 2901; x_wconf 72' lang='lat' dir='ltr'><strong>diximus</strong></span> <span class='ocrx_word' id='word_1_224' title='bbox 645 2836 937 2902; x_wconf 79' lang='lat' dir='ltr'><strong>essentiarumaut</strong></span> <span class='ocrx_word' id='word_1_225' title='bbox 958 2834 1210 2899; x_wconf 79' lang='lat' dir='ltr'><strong>substantiarum</strong></span> <span class='ocrx_word' id='word_1_226' title='bbox 1233 2834 1404 2898; x_wconf 75' lang='lat' dir='ltr'><strong>confusio·</strong></span> 
     </span>
     <span class='ocr_line' id='line_1_31' title="bbox 285 2916 1401 2987; baseline -0.002 -3"><span class='ocrx_word' id='word_1_227' title='bbox 285 2939 332 2984; x_wconf 84' lang='lat' dir='ltr'><strong>ne</strong></span> <span class='ocrx_word' id='word_1_228' title='bbox 353 2934 412 2984; x_wconf 89' lang='lat' dir='ltr'><strong>aut</strong></span> <span class='ocrx_word' id='word_1_229' title='bbox 432 2917 584 2985; x_wconf 90' lang='lat' dir='ltr'><strong>interitu.</strong></span> <span class='ocrx_word' id='word_1_230' title='bbox 635 2923 680 2984; x_wconf 89' lang='lat' dir='ltr'><strong>Et</strong></span> <span class='ocrx_word' id='word_1_231' title='bbox 701 2923 768 2987; x_wconf 88' lang='lat' dir='ltr'><strong>boc</strong></span> <span class='ocrx_word' id='word_1_232' title='bbox 789 2935 899 2986; x_wconf 88' lang='lat' dir='ltr'><strong>toturn</strong></span> <span class='ocrx_word' id='word_1_233' title='bbox 918 2916 1087 2984; x_wconf 75' lang='lat' dir='ltr'><strong>Dominus</strong></span> <span class='ocrx_word' id='word_1_234' title='bbox 1108 2933 1141 2982; x_wconf 88' lang='lat' dir='ltr'><strong>et</strong></span> <span class='ocrx_word' id='word_1_235' title='bbox 1164 2917 1317 2982; x_wconf 84' lang='lat' dir='ltr'><strong>Salvator</strong></span> <span class='ocrx_word' id='word_1_236' title='bbox 1340 2937 1401 2982; x_wconf 78' lang='lat' dir='ltr'><strong>no</strong></span> 
     </span>
     <span class='ocr_line' id='line_1_32' title="bbox 251 2999 1400 3091; baseline -0.002 -25"><span class='ocrx_word' id='word_1_237' title='bbox 251 3013 252 3020; x_wconf 75' lang='grc'>’</span> <span class='ocrx_word' id='word_1_238' title='bbox 282 3001 345 3066; x_wconf 83' lang='lat' dir='ltr'><strong>ster</strong></span> <span class='ocrx_word' id='word_1_239' title='bbox 365 3002 455 3066; x_wconf 83' lang='lat' dir='ltr'><strong>tetur</strong></span> <span class='ocrx_word' id='word_1_240' title='bbox 477 3001 624 3067; x_wconf 83' lang='lat' dir='ltr'><strong>Chrislua</strong></span> <span class='ocrx_word' id='word_1_241' title='bbox 646 3005 850 3091; x_wconf 85' lang='lat' dir='ltr'><strong>resurgendo</strong></span> <span class='ocrx_word' id='word_1_242' title='bbox 873 3025 891 3068; x_wconf 89' lang='lat' dir='ltr'><strong>a</strong></span> <span class='ocrx_word' id='word_1_243' title='bbox 912 3000 1056 3068; x_wconf 76' lang='lat' dir='ltr'><strong>mortuis</strong></span> <span class='ocrx_word' id='word_1_244' title='bbox 1077 3001 1113 3064; x_wconf 91' lang='lat' dir='ltr'><strong>in</strong></span> <span class='ocrx_word' id='word_1_245' title='bbox 1138 2999 1243 3086; x_wconf 88' lang='lat' dir='ltr'><strong>seipso</strong></span> <span class='ocrx_word' id='word_1_246' title='bbox 1266 3016 1301 3064; x_wconf 91' lang='lat' dir='ltr'><strong>et</strong></span> <span class='ocrx_word' id='word_1_247' title='bbox 1323 3022 1400 3088; x_wconf 86' lang='lat' dir='ltr'><strong>per·</strong></span> 
     </span>
     <span class='ocr_line' id='line_1_33' title="bbox 283 3069 1401 3172; baseline -0.004 -22"><span class='ocrx_word' id='word_1_248' title='bbox 283 3084 384 3158; x_wconf 82' lang='lat' dir='ltr'><strong>fecit,</strong></span> <span class='ocrx_word' id='word_1_249' title='bbox 405 3099 451 3148; x_wconf 77' lang='lat' dir='ltr'><strong>&#39;et</strong></span> <span class='ocrx_word' id='word_1_250' title='bbox 475 3087 670 3172; x_wconf 50' lang='lat' dir='ltr'><strong>¹exemplum</strong></span> <span class='ocrx_word' id='word_1_251' title='bbox 704 3086 857 3154; x_wconf 85' lang='lat' dir='ltr'><strong>omniurn</strong></span> <span class='ocrx_word' id='word_1_252' title='bbox 879 3069 974 3172; x_wconf 56' lang='lat' dir='ltr'><strong>quai*</strong></span> <span class='ocrx_word' id='word_1_253' title='bbox 987 3085 1101 3148; x_wconf 89' lang='lat' dir='ltr'><strong>futura</strong></span> <span class='ocrx_word' id='word_1_254' title='bbox 1122 3084 1200 3148; x_wconf 89' lang='lat' dir='ltr'><strong>sunt</strong></span> <span class='ocrx_word' id='word_1_255' title='bbox 1220 3105 1401 3170; x_wconf 87' lang='lat' dir='ltr'><strong>praemon·</strong></span> 
     </span>
     <span class='ocr_line' id='line_1_34' title="bbox 204 3165 1403 3256; baseline -0.003 -22"><span class='ocrx_word' id='word_1_256' title='bbox 204 3166 211 3179; x_wconf 82' lang='lat'><em>&#39;</em></span> <span class='ocrx_word' id='word_1_257' title='bbox 284 3165 408 3234; x_wconf 80' lang='lat' dir='ltr'><strong>stravit.</strong></span> <span class='ocrx_word' id='word_1_258' title='bbox 441 3169 630 3255; x_wconf 85' lang='lat' dir='ltr'><strong>Resurgena</strong></span> <span class='ocrx_word' id='word_1_259' title='bbox 651 3170 779 3256; x_wconf 90' lang='lat' dir='ltr'><strong>quippe</strong></span> <span class='ocrx_word' id='word_1_260' title='bbox 799 3171 932 3233; x_wconf 87' lang='lat' dir='ltr'><strong>nullum</strong></span> <span class='ocrx_word' id='word_1_261' title='bbox 955 3170 1067 3232; x_wconf 87' lang='lat' dir='ltr'><strong>sexum</strong></span> <span class='ocrx_word' id='word_1_262' title='bbox 1091 3165 1222 3230; x_wconf 90' lang='lat' dir='ltr'><strong>habuit.</strong></span> <span class='ocrx_word' id='word_1_263' title='bbox 1257 3169 1403 3252; x_wconf 85' lang='lat' dir='ltr'><strong>(Quam-</strong></span> 
     </span>
     <span class='ocr_line' id='line_1_35' title="bbox 283 3249 1401 3398; baseline 0.001 -85"><span class='ocrx_word' id='word_1_264' title='bbox 283 3250 337 3348; x_wconf 74' lang='lat' dir='ltr'><strong>via</strong></span> <span class='ocrx_word' id='word_1_265' title='bbox 359 3249 509 3316; x_wconf 87' lang='lat' dir='ltr'><strong>enimin</strong></span> <span class='ocrx_word' id='word_1_266' title='bbox 531 3251 603 3350; x_wconf 78' lang='lat' dir='ltr'><strong>ipso</strong></span> <span class='ocrx_word' id='word_1_267' title='bbox 626 3254 723 3328; x_wconf 86' lang='lat' dir='ltr'><strong>sexu,</strong></span> <span class='ocrx_word' id='word_1_268' title='bbox 747 3252 888 3352; x_wconf 73' lang='lat' dir='ltr'><strong>masculi</strong></span> <span class='ocrx_word' id='word_1_269' title='bbox 910 3251 1090 3325; x_wconf 86' lang='lat' dir='ltr'><strong>videlicet,</strong></span> <span class='ocrx_word' id='word_1_270' title='bbox 1120 3249 1254 3398; x_wconf 50' lang='lat' dir='ltr'><strong>imo</strong></span> <span class='ocrx_word' id='word_1_271' title='bbox 1270 3273 1311 3314; x_wconf 85' lang='lat' dir='ltr'><strong>ex</strong></span> <span class='ocrx_word' id='word_1_272' title='bbox 1335 3249 1401 3314; x_wconf 89' lang='lat' dir='ltr'><strong>vir·</strong></span> 
     </span>
     <span class='ocr_line' id='line_1_36' title="bbox 283 3336 1404 3502; baseline 0.001 -23"><span class='ocrx_word' id='word_1_273' title='bbox 283 3349 563 3494; x_wconf 47' lang='lat' dir='ltr'><strong>&amp;falstra</strong></span> <span class='ocrx_word' id='word_1_274' title='bbox 583 3336 1171 3502; x_wconf 51' lang='lat' dir='ltr'><strong>titillatuqli-&#39;brillac</strong></span> <span class='ocrx_word' id='word_1_275' title='bbox 1203 3355 1404 3482; x_wconf 66' lang='lat' dir='ltr'><strong>23²de</strong></span> 
     </span>
     <span class='ocr_line' id='line_1_37' title="bbox 283 3441 1405 3600; baseline -0.002 -36"><span class='ocrx_word' id='word_1_276' title='bbox 283 3503 443 3564; x_wconf 84' lang='lat' dir='ltr'><strong>mandam</strong></span> <span class='ocrx_word' id='word_1_277' title='bbox 473 3441 608 3566; x_wconf 78' lang='lat' dir='ltr'><strong>illorum</strong></span> <span class='ocrx_word' id='word_1_278' title='bbox 629 3503 731 3591; x_wconf 83' lang='lat' dir='ltr'><strong>fidem</strong></span> <span class='ocrx_word' id='word_1_279' title='bbox 755 3501 925 3600; x_wconf 82' lang='lat' dir='ltr'><strong>apparuit:</strong></span> <span class='ocrx_word' id='word_1_280' title='bbox 961 3501 1147 3571; x_wconf 84' lang='lat' dir='ltr'><strong>nonenim</strong></span> <span class='ocrx_word' id='word_1_281' title='bbox 1170 3499 1268 3566; x_wconf 87' lang='lat' dir='ltr'><strong>aliter</strong></span> <span class='ocrx_word' id='word_1_282' title='bbox 1288 3499 1405 3587; x_wconf 87' lang='lat' dir='ltr'><strong>ipsum</strong></span> 
     </span>
     <span class='ocr_line' id='line_1_38' title="bbox 241 3581 1407 3670; baseline -0.002 -22"><span class='ocrx_word' id='word_1_283' title='bbox 241 3643 244 3658; x_wconf 88' lang='grc'><em>,</em></span> <span class='ocrx_word' id='word_1_284' title='bbox 283 3605 325 3648; x_wconf 89' lang='lat' dir='ltr'><strong>co</strong></span> <span class='ocrx_word' id='word_1_285' title='bbox 360 3599 552 3659; x_wconf 51' lang='lat' dir='ltr'><strong>¹oacereut,</strong></span> <span class='ocrx_word' id='word_1_286' title='bbox 583 3583 644 3650; x_wconf 83' lang='lat' dir='ltr'><strong>nisr</strong></span> <span class='ocrx_word' id='word_1_287' title='bbox 673 3585 709 3650; x_wconf 90' lang='lat' dir='ltr'><strong>in</strong></span> <span class='ocrx_word' id='word_1_288' title='bbox 737 3588 857 3650; x_wconf 76' lang='lat' dir='ltr'><strong>babitu</strong></span> <span class='ocrx_word' id='word_1_289' title='bbox 886 3583 954 3650; x_wconf 85' lang='lat' dir='ltr'><strong>illie</strong></span> <span class='ocrx_word' id='word_1_290' title='bbox 982 3581 1121 3670; x_wconf 84' lang='lat' dir='ltr'><strong>cognito</strong></span> <span class='ocrx_word' id='word_1_291' title='bbox 1144 3583 1178 3647; x_wconf 87' lang='lat' dir='ltr'><strong>se</strong></span> <span class='ocrx_word' id='word_1_292' title='bbox 1198 3583 1311 3669; x_wconf 87' lang='lat' dir='ltr'><strong>ipsum</strong></span> <span class='ocrx_word' id='word_1_293' title='bbox 1336 3604 1407 3646; x_wconf 88' lang='lat' dir='ltr'><strong>ma·</strong></span> 
     </span>
    </p>
   </div>
   <div class='ocr_carea' id='block_1_5' title="bbox 281 3749 1406 3933">
    <p class='ocr_par' dir='ltr' id='par_1_5' title="bbox 281 3749 1406 3933">
     <span class='ocr_line' id='line_1_39' title="bbox 282 3749 1404 3839; baseline -0.004 -25"><span class='ocrx_word' id='word_1_294' title='bbox 282 3749 450 3836; x_wconf 84' lang='lat' dir='ltr'><strong>cogitare,</strong></span> <span class='ocrx_word' id='word_1_295' title='bbox 481 3751 591 3839; x_wconf 86' lang='lat' dir='ltr'><strong>ipsum</strong></span> <span class='ocrx_word' id='word_1_296' title='bbox 620 3753 693 3839; x_wconf 83' lang='lat' dir='ltr'><strong>post</strong></span> <span class='ocrx_word' id='word_1_297' title='bbox 718 3751 997 3820; x_wconf 83' lang='lat' dir='ltr'><strong>resurrectionem</strong></span> <span class='ocrx_word' id='word_1_298' title='bbox 1025 3751 1096 3814; x_wconf 90' lang='lat' dir='ltr'><strong>ullo</strong></span> <span class='ocrx_word' id='word_1_299' title='bbox 1126 3750 1206 3814; x_wconf 83' lang='lat' dir='ltr'><strong>sexu</strong></span> <span class='ocrx_word' id='word_1_300' title='bbox 1240 3749 1404 3818; x_wconf 87' lang='lat' dir='ltr'><strong>detineri.</strong></span> 
     </span>
     <span class='ocr_line' id='line_1_40' title="bbox 281 3825 1406 3933; baseline -0.004 -35"><span class='ocrx_word' id='word_1_301' title='bbox 281 3839 326 3898; x_wconf 85' lang='lat' dir='ltr'><strong>In</strong></span> <span class='ocrx_word' id='word_1_302' title='bbox 361 3833 491 3922; x_wconf 76' lang='lat' dir='ltr'><strong>Christo</strong></span> <span class='ocrx_word' id='word_1_303' title='bbox 520 3839 604 3900; x_wconf 83' lang='lat' dir='ltr'><strong>enim</strong></span> <span class='ocrx_word' id='word_1_304' title='bbox 629 3833 710 3930; x_wconf 78' lang='lat' dir='ltr'><strong>Iesu</strong></span> <span class='ocrx_word' id='word_1_305' title='bbox 740 3859 842 3923; x_wconf 83' lang='lat' dir='ltr'><strong>neque</strong></span> <span class='ocrx_word' id='word_1_306' title='bbox 861 3836 1022 3900; x_wconf 85' lang='lat' dir='ltr'><strong>masculus</strong></span> <span class='ocrx_word' id='word_1_307' title='bbox 1043 3831 1091 3920; x_wconf 79' lang='lat' dir='ltr'><strong>est</strong></span> <span class='ocrx_word' id='word_1_308' title='bbox 1111 3855 1212 3933; x_wconf 63' lang='lat' dir='ltr'><strong>neque</strong></span> <span class='ocrx_word' id='word_1_309' title='bbox 1222 3825 1406 3930; x_wconf 61' lang='lat' dir='ltr'><strong>foemina:</strong></span> 
     </span>
    </p>
   </div>
   <div class='ocr_carea' id='block_1_6' title="bbox 187 3916 1409 4320">
    <p class='ocr_par' dir='ltr' id='par_1_6' title="bbox 284 3916 1406 4003">
     <span class='ocr_line' id='line_1_41' title="bbox 284 3916 1406 4003; baseline 0.001 -24"><span class='ocrx_word' id='word_1_310' title='bbox 284 3916 342 3980; x_wconf 88' lang='lat' dir='ltr'><strong>sed</strong></span> <span class='ocrx_word' id='word_1_311' title='bbox 362 3916 470 3982; x_wconf 87' lang='lat' dir='ltr'><strong>solum</strong></span> <span class='ocrx_word' id='word_1_312' title='bbox 490 3940 608 3984; x_wconf 80' lang='lat' dir='ltr'><strong>veruna</strong></span> <span class='ocrx_word' id='word_1_313' title='bbox 631 3936 666 3984; x_wconf 90' lang='lat' dir='ltr'><strong>et</strong></span> <span class='ocrx_word' id='word_1_314' title='bbox 686 3935 797 3985; x_wconf 88' lang='lat' dir='ltr'><strong>totum</strong></span> <span class='ocrx_word' id='word_1_315' title='bbox 817 3918 992 3986; x_wconf 89' lang='lat' dir='ltr'><strong>hominem</strong></span> <span class='ocrx_word' id='word_1_316' title='bbox 1011 3921 1148 4003; x_wconf 85' lang='lat' dir='ltr'><strong>(corpur</strong></span> <span class='ocrx_word' id='word_1_317' title='bbox 1167 3921 1256 3993; x_wconf 87' lang='lat' dir='ltr'><strong>drco,</strong></span> <span class='ocrx_word' id='word_1_318' title='bbox 1280 3933 1318 3982; x_wconf 89' lang='lat' dir='ltr'><strong>et</strong></span> <span class='ocrx_word' id='word_1_319' title='bbox 1332 3937 1406 3980; x_wconf 84' lang='lat' dir='ltr'><strong>anr-</strong></span> 
     </span>
    </p>

    <p class='ocr_par' dir='ltr' id='par_1_7' title="bbox 187 3997 1408 4090">
     <span class='ocr_line' id='line_1_42' title="bbox 187 3997 1408 4090; baseline -0.002 -26"><span class='ocrx_word' id='word_1_320' title='bbox 187 4049 190 4057; x_wconf 87' lang='lat'><em>.</em></span> <span class='ocrx_word' id='word_1_321' title='bbox 283 4019 394 4074; x_wconf 87' lang='lat' dir='ltr'><strong>mam,</strong></span> <span class='ocrx_word' id='word_1_322' title='bbox 429 4015 462 4062; x_wconf 92' lang='lat' dir='ltr'><strong>et</strong></span> <span class='ocrx_word' id='word_1_323' title='bbox 492 3997 717 4084; x_wconf 85' lang='lat' dir='ltr'><strong>intellectum)</strong></span> <span class='ocrx_word' id='word_1_324' title='bbox 744 4007 869 4090; x_wconf 74' lang='lat' dir='ltr'><strong>absque</strong></span> <span class='ocrx_word' id='word_1_325' title='bbox 895 4004 967 4068; x_wconf 92' lang='lat' dir='ltr'><strong>ullo</strong></span> <span class='ocrx_word' id='word_1_326' title='bbox 1002 4001 1082 4066; x_wconf 79' lang='lat' dir='ltr'><strong>sexu</strong></span> <span class='ocrx_word' id='word_1_327' title='bbox 1102 4002 1157 4064; x_wconf 85' lang='lat' dir='ltr'><strong>vel</strong></span> <span class='ocrx_word' id='word_1_328' title='bbox 1179 4000 1292 4087; x_wconf 83' lang='lat' dir='ltr'><strong>aliqua</strong></span> <span class='ocrx_word' id='word_1_329' title='bbox 1311 4021 1408 4066; x_wconf 82' lang='lat' dir='ltr'><strong>com·</strong></span> 
     </span>
    </p>

    <p class='ocr_par' dir='ltr' id='par_1_8' title="bbox 276 4080 1406 4173">
     <span class='ocr_line' id='line_1_43' title="bbox 276 4080 1406 4173; baseline 0.007 -27"><span class='ocrx_word' id='word_1_330' title='bbox 276 4080 498 4168; x_wconf 71' lang='lat' dir='ltr'><strong>⁴prehensibili</strong></span> <span class='ocrx_word' id='word_1_331' title='bbox 520 4083 647 4162; x_wconf 77' lang='lat' dir='ltr'><strong>forma3</strong></span> <span class='ocrx_word' id='word_1_332' title='bbox 670 4086 832 4173; x_wconf 88' lang='lat' dir='ltr'><strong>quoniam</strong></span> <span class='ocrx_word' id='word_1_333' title='bbox 853 4089 937 4150; x_wconf 90' lang='lat' dir='ltr'><strong>baec</strong></span> <span class='ocrx_word' id='word_1_334' title='bbox 958 4081 1022 4154; x_wconf 83' lang='lat' dir='ltr'><strong>ttia</strong></span> <span class='ocrx_word' id='word_1_335' title='bbox 1042 4082 1167 4169; x_wconf 79' lang='lat' dir='ltr'><strong>inipso</strong></span> <span class='ocrx_word' id='word_1_336' title='bbox 1187 4085 1406 4154; x_wconf 74' lang='lat' dir='ltr'><strong>unumsunt.</strong></span> 
     </span>
    </p>

    <p class='ocr_par' dir='ltr' id='par_1_9' title="bbox 284 4163 1409 4320">
     <span class='ocr_line' id='line_1_44' title="bbox 284 4163 1409 4258; baseline 0.004 -28"><span class='ocrx_word' id='word_1_337' title='bbox 284 4179 324 4234; x_wconf 82' lang='lat' dir='ltr'><strong>et</strong></span> <span class='ocrx_word' id='word_1_338' title='bbox 340 4169 434 4232; x_wconf 84' lang='lat' dir='ltr'><strong>Deua</strong></span> <span class='ocrx_word' id='word_1_339' title='bbox 455 4163 544 4234; x_wconf 85' lang='lat' dir='ltr'><strong>sacta</strong></span> <span class='ocrx_word' id='word_1_340' title='bbox 555 4215 566 4247; x_wconf 94' lang='lat'><strong>,</strong></span> <span class='ocrx_word' id='word_1_341' title='bbox 587 4169 655 4237; x_wconf 85' lang='lat' dir='ltr'><strong>fine</strong></span> <span class='ocrx_word' id='word_1_342' title='bbox 677 4170 925 4258; x_wconf 82' lang='lat' dir='ltr'><strong>proprietatum</strong></span> <span class='ocrx_word' id='word_1_343' title='bbox 946 4165 1232 4256; x_wconf 74' lang='lat' dir='ltr'><strong>uanamutatioue</strong></span> <span class='ocrx_word' id='word_1_344' title='bbox 1250 4167 1306 4234; x_wconf 89' lang='lat' dir='ltr'><strong>vel</strong></span> <span class='ocrx_word' id='word_1_345' title='bbox 1324 4186 1409 4234; x_wconf 86' lang='lat' dir='ltr'><strong>oon·</strong></span> 
     </span>
     <span class='ocr_line' id='line_1_45' title="bbox 1152 4281 1161 4320; baseline 0 0"><span class='ocrx_word' id='word_1_346' title='bbox 1152 4281 1161 4320; x_wconf 91' lang='grc' dir='ltr'><em>Ι</em></span> 
     </span>
    </p>
   </div>
   <div class='ocr_carea' id='block_1_7' title="bbox 0 0 1470 4982">
    <p class='ocr_par' dir='ltr' id='par_1_10' title="bbox 0 0 1470 4982">
     <span class='ocr_line' id='line_1_46' title="bbox 0 0 1470 4982; baseline 0 2"><span class='ocrx_word' id='word_1_347' title='bbox 0 0 1470 4982; x_wconf 95' lang='lat' dir='ltr'><strong> </strong></span> 
     </span>
    </p>
   </div>
   <div class='ocr_carea' id='block_1_8' title="bbox 259 3665 1407 3750">
    <p class='ocr_par' dir='ltr' id='par_1_11' title="bbox 259 3135 1453 4800">
     <span class='ocr_line' id='line_1_47' title="bbox 259 3665 1407 3750; baseline -0.003 -18"><span class='ocrx_word' id='word_1_348' title='bbox 259 3667 321 3732; x_wconf 43' lang='lat' dir='ltr'><strong>vni</strong></span> <span class='ocrx_word' id='word_1_349' title='bbox 338 3667 478 3750; x_wconf 82' lang='lat' dir='ltr'><strong>astaret.)</strong></span> <span class='ocrx_word' id='word_1_350' title='bbox 520 3667 614 3732; x_wconf 89' lang='lat' dir='ltr'><strong>Nulli</strong></span> <span class='ocrx_word' id='word_1_351' title='bbox 642 3669 795 3734; x_wconf 87' lang='lat' dir='ltr'><strong>fidelium</strong></span> <span class='ocrx_word' id='word_1_352' title='bbox 828 3667 910 3732; x_wconf 88' lang='lat' dir='ltr'><strong>licet</strong></span> <span class='ocrx_word' id='word_1_353' title='bbox 939 3670 1091 3742; x_wconf 89' lang='lat' dir='ltr'><strong>credere,</strong></span> <span class='ocrx_word' id='word_1_354' title='bbox 1125 3680 1185 3729; x_wconf 87' lang='lat' dir='ltr'><strong>aut</strong></span> <span class='ocrx_word' id='word_1_355' title='bbox 1202 3668 1275 3731; x_wconf 93' lang='lat' dir='ltr'><strong>ullo</strong></span> <span class='ocrx_word' id='word_1_356' title='bbox 1295 3665 1407 3731; x_wconf 87' lang='lat' dir='ltr'><strong>modo</strong></span> 
     </span>
    </p>
   </div>
  </div>
 </body>
</html>
