2922 4978
307 227 392 304 ³⁶8
643 230 699 299 lle
718 227 902 300 Dieiaietae
920 225 1100 300 Nolam:

308 413 464 494 tacuille,
491 415 595 482 lolam
623 435 704 480 vero
731 411 824 479 illam
844 412 882 480 in
903 413 1091 480 meaculum
1111 425 1146 476 et
1164 411 1330 478 foeminam
1345 415 1384 480 bi·

305 501 463 587 partitam
486 495 707 588 Augustinum
730 498 864 575 dimise,
887 501 1026 564 alteram
1045 517 1145 571 vero,
1167 517 1248 583 quae
1266 500 1304 562 ad
1321 499 1383 561 ima·

307 583 423 672 ginem
445 584 510 652 Dei
532 584 576 648 est
596 583 758 670 omnique
780 583 859 646 sexu
880 598 986 653 caret.
1023 581 1158 645 taenille
1178 581 1256 666 quid
1276 583 1312 644 ad
1328 601 1384 644 rem

305 667 514 755 pertinebit?
552 686 630 731 cum
660 665 838 732 verifimile
867 687 939 731 non
966 665 1122 728 videatur
1156 665 1196 728 de
1231 667 1277 727 Au
1300 663 1384 730 ulline

307 749 494 825 aestimare,
520 749 753 816 conditionem
775 747 923 815 hominia
945 751 988 812 ad
1004 747 1186 834 imaginem
1204 747 1265 812 Dei
1312 747 1383 822 ullle,

307 855 382 898 eam
410 854 509 907 vero,
546 856 632 932 quae
665 834 850 898 seeundum
879 831 1079 918 Gregorium
1101 833 1143 894 ad
1164 829 1385 895 similitudinem

304 922 534 998 jumentorum
554 916 787 1005 mlipientium
797 916 917 981 merito
926 914 1274 1000 indhedientiaeiaata
1292 913 1338 986 all,
1346 935 1386 976 ex·

306 1002 472 1088 planallet
500 1001 692 1087 piaesertim
714 1023 793 1066 cum
814 999 966 1102 quiaquia
986 998 1089 1065 libroa
1113 1004 1183 1078 ejua
1201 997 1385 1145 perspexerit,

307 1081 507 1172 apertiliime
536 1081 692 1149 inveniet
718 1083 756 1149 in
787 1103 897 1172 pnmo
926 1083 1066 1148 homine
1087 1103 1200 1147 maacu
1214 1103 1268 1144 um
1288 1079 1386 1143 etiae·

184 1220 189 1234 .
306 1167 435 1234 minam
468 1169 510 1231 ad
541 1164 724 1255 imaginem
744 1169 810 1233 Dei
832 1169 938 1234 factoa
960 1166 1072 1242 faille3
1104 1165 1238 1252 ipsaque
1258 1161 1387 1228 animalia

215 1291 217 1296 ·
306 1271 447 1337 corpora
500 1271 562 1314 uae
594 1267 672 1318 ante
699 1268 876 1338 peecatum
899 1251 1120 1338 gestaverant,
1152 1270 1221 1314 non
1244 1269 1281 1312 ex
1300 1265 1386 1334 poena

225 1397 228 1402 .
305 1333 459 1422 peccati,
477 1272 542 1398 led
565 1354 606 1400 ex
625 1333 816 1400 neceffitate
837 1350 976 1400 naturae
995 1331 1181 1420 proceffille
1204 1333 1243 1396 ad
1262 1349 1385 1416 procrea·

306 1419 454 1492 tionem,
490 1416 652 1483 videlicet
679 1417 914 1505 praedestinati
942 1417 1132 1484 sanctorum
1161 1413 1387 1489 bominumnu·

305 1501 406 1579 meri,
441 1515 475 1565 et
505 1499 657 1566 societati
686 1500 858 1589 angelicae
889 1499 1109 1565 beatitudinie
1132 1521 1173 1563 ex
1195 1502 1329 1562 humana
1346 1515 1386 1558 na·

307 1601 383 1650 tura
416 1583 606 1660 adunandi,
638 1587 748 1650 donec
770 1584 917 1650 coelestia
939 1583 1058 1648 civitas
1079 1582 1209 1668 angelia
1230 1579 1387 1648 sanctiam

305 1667 501 1733 hominibua
522 1667 743 1814 imuleretur?
775 1671 842 1734 Sed
862 1666 977 1732 mirari
997 1686 1068 1731 non
1091 1667 1221 1742 defluo,
1251 1685 1307 1730 eur
1323 1601 1386 1726 illud

306 1773 428 1840 corpus
465 1749 609 1816 animae
643 1753 803 1840 appellat·
851 1755 920 1817 uod
945 1750 1078 1838 anagnia
1109 1751 1264 1816 laudibua
1292 1746 1387 1812 exaltu

306 1852 464 1923 tanquam
498 1835 669 1922 spirituale
701 1851 733 1899 at
758 1857 801 1899 ue
825 1774 984 1910 leatumt
1017 1838 1153 1899 beatum
1183 1848 1292 1898 autem
1314 1827 1387 1926 futile

305 1935 384 1986 ante
415 1917 577 1982 delictum
606 1918 664 1983 ille
694 1858 765 2016 ipie
794 1917 831 1982 in
856 1918 1129 2003 decimoquarto
1152 1913 1386 2006 librodeCua·

305 2018 375 2067 tate
406 2001 470 2064 Dei
495 2003 628 2066 testatur
650 2004 782 2066 decumo
803 2000 913 2088 capite
936 2001 1070 2066 dicem:
1104 2003 1197 2076 „Sed
1217 2014 1323 2064 utrum
1340 2013 1388 2080 pn·

303 2108 378 2150 mua
407 2087 509 2148 homo
544 2087 599 2148 vel
619 2083 721 2170 primi
741 2085 897 2150 homines
918 2087 1076 2156 (duorum
1099 2099 1171 2148 erat
1192 2082 1388 2171 quippecon·
1426 2085 1427 2090 ’

238 2161 244 2186 ’
303 2166 740 2316 {lutulentae
753 2167 1249 2318 ²3⁶⁶tlm¹²ula¹¹⁶su
1262 2163 1427 2313 pun

288 2329 384 2400 'ante
412 2298 606 2421 peccatum,
643 2338 756 2421 qualee
784 2335 821 2400 in
843 2275 1263 2422 eorpore’spirituali'uon
1282 2323 1391 2398 habebi·

303 2439 380 2484 mua
402 2419 497 2485 omni
517 2433 660 2506 purgato
680 2418 848 2506 finitoque
862 2435 1024 2505 peccato,
1045 2439 1118 2484 non
1132 2416 1300 2482 immerito
1314 2429 1390 2500 quae·

298 2500 400 2567 nitur.
444 2502 480 2566 si
509 2501 599 2568 enim
629 2505 817 2579 habehant,
852 2505 1024 2590 quomodo
1053 2518 1151 2567 mant
1176 2499 1269 2578 beati
1293 2493 1387 2562 inille

302 2585 512 2653 memorabili
534 2584 755 2651 beatitudinia
774 2587 872 2660 loco,
897 2587 934 2651 id
956 2587 1010 2659 est,
1031 2585 1214 2672 paradiso?
1238 2581 1319 2682 Quia
1337 2595 1390 2644 tm·
1425 2657 1426 2668 χ

293 2673 381 2762 “¹9¹“
403 2672 552 2735 ablolute
576 2669 645 2734 diei
666 2673 785 2734 beatua
807 2669 929 2756 potest,
975 2669 1013 2732 ui
1033 2669 1156 2735 timore
1178 2667 1331 2738 afficitur,
1348 2657 1388 2722 vd
1425 2679 1426 2736 l

304 2755 449 2820 dolore?
482 2754 575 2840 Quid
592 2769 710 2818 'autem
731 2753 849 2820 timere
870 2767 931 2817 aut
950 2691 1064 2820 iolere
1092 2767 1256 2840 poterant
1278 2747 1325 2814 illi
1347 2747 1391 2808 ho·
1425 2743 1426 2768 ¹

301 2837 411 2902 mines
445 2837 482 2902 iu
513 2852 684 2902 tantorum
711 2852 805 2901 tanta
833 2835 1005 2901 affluentia
1034 2841 1221 2902 bonorumt
1258 2831 1315 2897 ubi
1342 2843 1389 2892 net

273 2941 393 2990 amora
423 2924 654 2996 metuebatur,
688 2942 754 2984 nec
774 2919 842 2984 ulla
863 2919 1013 3006 corporia
1032 2922 1121 2985 mala
1140 2921 1320 2995 valetud03
1343 2925 1391 2976 πω

181 3021 189 3032 ’
303 3007 418 3101 aberat
438 3003 637 3090 quicquam,
661 3007 755 3090 quod
776 3006 867 3069 bona
887 3005 1047 3068 voluntas
1068 3025 1139 3068 non
1162 3000 1391 3150 adizieeeretufo

302 3107 370 3152 nec
391 3103 499 3150 inerat
520 3091 612 3172 quod
633 3107 769 3152 earnem
790 3087 984 3152 animumve
1011 3087 1161 3152 hominia
1190 3087 1226 3151 fe
1240 3084 1332 3150 ieiter
1354 3095 1391 3140 n·
1424 3149 1425 3168 ἦ

230 3234 232 3248 ,
301 3168 416 3236 ventis
451 3168 660 3236 offenderet?
703 3172 806 3235 Amor
837 3171 978 3234 cratim
1007 3173 1196 3236 erturbataa
1227 3169 1265 3233 in
1290 3167 1391 3233 Deum,

304 3269 406 3338 atque
433 3251 523 3318 inter
553 3253 586 3316 le
616 3225 802 3340 unijugum
823 3252 891 3317 lida
911 3275 950 3318 ac
997 3277 1097 3320 ncera
1117 3253 1280 3319 societate
1298 3247 1391 3310 uiuen-

301 3333 408 3412 tium,
440 3351 475 3400 et
495 3357 535 3400 ex
555 3339 621 3402 hoc
642 3359 756 3402 amore
779 3339 905 3423 grande
930 3338 1113 3484 {audium
1144 3357 1220 3403 non
1243 3331 1390 3424 delilleutt

302 3421 397 3506 quod
423 3422 596 3484 amabatur
624 3423 665 3486 ad
689 3421 882 3486 fruendum.
959 3437 1010 3484 rat
1038 3421 1204 3489 devitatio
1235 3410 1390 3500 tranqm1¹⁸

300 3501 451 3590 peccati,
483 3525 548 3591 qua
576 3521 755 3580 manente,
776 3505 917 3569 nullum
945 3503 1086 3571 omnino
1117 3504 1258 3568 aliunde
1287 3497 1391 3588 malm?

301 3589 395 3673 quod
422 3585 691 3664 contristaretur,
722 3587 881 3652 irruebat.
913 3590 965 3653 An
987 3588 1075 3653 forte
1095 3587 1284 3674 cupiebant
1301 3581 1390 3668 proh!-

299 3668 410 3736 bitum
431 3669 563 3758 lignum
584 3673 627 3738 ad
646 3673 854 3738 vescendum
874 3671 1084 3758 contingere,
1107 3671 1164 3736 led
1181 3667 1271 3737 mori
1285 3677 1389 3732 metue

298 3754 401 3829 bant;
431 3775 470 3819 ae
497 3775 557 3840 per
582 3758 649 3818 hoc
673 3769 708 3819 et
735 3752 904 3841 cupiditate
935 3771 969 3820 et
990 3765 1101 3820 metda
1127 3759 1197 3835 jam
1232 3769 1314 3818 tuac
1332 3747 1389 3837 illo}

297 3835 455 3902 homines
475 3837 577 3902 etiam
597 3835 634 3902 in
653 3835 715 3904 illo
735 3840 953 3924 perturbabat
972 3839 1073 3904 loco‘l
1095 3839 1187 3902 Absit
1209 3853 1250 3900 ut
1269 3839 1389 3900 hoctu-

299 3917 469 3984 llimemua
489 3921 604 3998 fuilre,
626 3921 686 3987 ubi
706 3922 840 3988 nullum
861 3936 932 3985 erat
952 3922 1094 3988 omnino
1114 3937 1304 4009 peccatum.
1340 3913 1389 4005 N?

300 4022 367 4088 que
397 4002 490 4066 enim
510 4006 643 4070 nullum
663 4021 842 4093 peccatum
863 4005 926 4080 est,
962 4027 1002 4070 ea
1023 4027 1108 4094 quae
1127 4008 1183 4070 lex
1208 4003 1276 4070 Dei
1297 3997 1389 4088 prohi-

247 4157 250 4178 1
298 4085 360 4152 bet
381 4087 638 4174 concupiacere,
673 4105 773 4178 atque
795 4091 836 4156 ab
859 4087 914 4153 hia'
943 4089 1104 4155 abstinere
1124 4088 1250 4155 timore
1270 4095 1388 4174 poenae·

296 4190 370 4238 nun
391 4186 504 4238 amore
522 4171 675 4254 iustitiae.
717 4174 825 4252 Absit,
857 4170 1022 4261 inquam,
1045 4189 1085 4240 ut
1108 4187 1189 4241 ante
1210 4191 1312 4240 omne
1329 4179 1387 4251 pec·
1422 4259 1423 4290 1
