2912 4978
305 251 406 350 „raa
643 243 1091 353 antemnam
1148 197 1168 341 ’,

327 457 396 530 qne
426 435 548 514 modo,
588 455 658 524 quo
685 434 821 513 finitur,
850 433 1083 504 concluditur:
1122 431 1234 523 aliqua
1249 433 1416 512 naansnra,

327 545 430 624 quam
455 522 609 608 superare
636 540 709 585 non
737 518 862 619 potest,
889 519 1044 588 lineatur.
1093 519 1130 583 Si
1162 519 1253 584 enim
1271 519 1416 585 infimum

326 629 365 673 an
394 621 513 672 natura
538 625 651 670 rerum
679 602 867 668 obtmuerit
892 605 1033 680 locum,
1065 623 1134 690 quo
1154 602 1269 668 omnia
1289 623 1417 690 corpora

253 706 257 716 '
327 689 563 765 eontinentur,
596 686 739 752 inferint
769 702 908 751 naturae
927 686 1005 751 suae
1023 686 1213 752 mensuram
1231 708 1301 752 non
1322 685 1417 773 potell

326 776 525 847 extendere,
582 770 639 836 uia
666 769 754 835 nibil
782 768 923 834 inferint
955 770 1015 844 est,
1050 791 1115 835 nec
1143 770 1293 857 superius
1322 767 1418 856 potest

326 857 514 923 ascendere.
556 793 691 920 iinitur
713 851 805 919 enim
825 851 862 918 in
882 853 962 941 ipso·
976 851 1074 918 vitali
1093 869 1207 929 motu,
1238 873 1304 940 quo
1324 849 1418 916 nutri·

325 955 383 1004 tur
410 953 444 1005 et
471 953 632 1036 augetur3
661 953 761 1024 atque
790 934 868 1001 idco
898 938 986 1002 ultra
1006 935 1111 1024 ipsam
1130 959 1201 1002 non
1247 933 1418 1024 rovebitnr.

325 1023 364 1088 si
383 1041 466 1090 xero
486 1020 524 1085 in
545 1021 749 1086 sublrmitate
768 1019 943 1084 universae
963 1037 1135 1084 creatunae
1151 1022 1209 1085 sub
1236 1020 1305 1095 stit,
1324 1034 1362 1081 ut
1375 1017 1419 1080 in·

323 1103 526 1172 tellectualia
547 1120 789 1192 cognoscatur,
812 1100 879 1167 suia
900 1103 1025 1169 finibua
1046 1102 1210 1169 coarctari
1231 1103 1355 1168 nocella
1373 1097 1433 1163 el't.¹

323 1191 405 1256 Non
426 1188 519 1254 enim
538 1187 645 1275 potest
666 1189 842 1253 ascendere
861 1185 900 1250 in
921 1185 1075 1252 altiorem
1087 1189 1120 1251 se
1136 1201 1330 1260 creaturam,
1351 1181 1418 1270 quia

325 1274 426 1354 altiua
445 1271 506 1336 illo
526 1269 565 1336 in
584 1274 684 1336 rebua
705 1270 824 1336 creatio
844 1269 896 1334 nil
918 1271 983 1359 else
1001 1269 1153 1346 videtum
1188 1268 1329 1335 inser-ina
1347 1267 1417 1331 item

323 1378 398 1424 non
425 1353 532 1456 notes}
561 1353 690 1420 remitti
709 1367 849 1441 propter
869 1353 1045 1441 sequentes
1069 1355 1102 1418 se
1123 1350 1351 1420 subsistentiae.
1389 1345 1416 1410 ei

323 1461 408 1506 vero
434 1461 474 1503 an
502 1437 616 1504 medio
643 1436 821 1502 libramine
841 1438 956 1502 locum
977 1438 1165 1512 obtineret,
1200 1459 1267 1502 nec
1288 1437 1329 1500 ad
1348 1433 1416 1498 inse·

231 1569 238 1592 s
322 1523 415 1590 riora
444 1521 479 1585 se
504 1523 725 1600 relaxaretur,
756 1541 822 1584 nec
851 1522 893 1585 ad
922 1521 1093 1606 superiora
1122 1520 1156 1584 sc
1189 1521 1415 1586 extenderetur,

323 1608 383 1672 sed
402 1607 589 1671 naturalem
611 1604 708 1670 suum
728 1603 946 1690 mediumque
967 1603 1138 1668 obtineret
1151 1603 1282 1668 statum.
1314 1604 1357 1668 dc
1370 1617 1417 1684 ptr

324 1693 393 1755 boc
419 1689 513 1752 nulla
542 1703 701 1754 ereatura
722 1685 767 1751 est
786 1687 853 1752 stve
874 1686 1012 1751 visibilia
1033 1688 1100 1752 live
1121 1685 1317 1760 invisibilia,
1347 1699 1419 1770 quat

323 1791 398 1838 non
418 1769 508 1835 intra
527 1771 690 1838 terminon
709 1767 866 1857 propriae
885 1785 1025 1834 naturae
1045 1767 1083 1835 in
1105 1770 1220 1857 aliquo
1235 1782 1417 1856 coarctetur,

323 1854 364 1921 in
385 1853 539 1919 mensura
560 1870 594 1918 ct
612 1875 756 1918 nurnero
779 1869 813 1917 et
832 1857 994 1941 pondere.
1037 1857 1131 1918 Deue
1152 1870 1266 1919 autent
1289 1852 1324 1916 in
1338 1848 1419 1914 nullo

325 1957 443 2003 eorum
463 1935 625 2026 intelligit
645 1937 678 2001 sc
697 1937 780 2014 else,
803 1936 860 2001 scd
882 1936 1060 2023 cognoscit
1080 1938 1113 2000 se
1133 1936 1233 2024 supra
1248 1955 1359 2001 omnes
1372 1951 1423 1994 na·

323 2036 435 2086 turae‘
451 2019 588 2086 ordinet
617 2022 680 2086 elle
709 2020 788 2085 suae
818 2018 1001 2118 sapientiae
1032 2021 1251 2096 excellentia,
1286 2031 1320 2082 et
1347 2013 1421 2080 insta

325 2101 442 2170 omnia
467 2103 546 2168 suae
572 2101 708 2167 virtutis
730 2104 930 2177 altitudine,
961 2119 995 2168 et
1016 2102 1105 2168 intra
1127 2103 1246 2170 omnia
1267 2101 1341 2165 suae
1358 2115 1433 2197 nro·¹

322 2184 499 2254 ridentiae
514 2184 775 2274 ininvestigabili
794 2185 1067 2275 dispensatione,
1099 2204 1134 2252 et
1157 2185 1275 2252 omnia
1295 2185 1433 2260 ambire,

325 2269 406 2360 quia
425 2268 463 2334 in
484 2270 557 2358 ipso
579 2272 657 2336 sunt
679 2271 810 2346 omnia,
833 2287 867 2336 et
888 2271 979 2335 extra¹
1002 2269 1113 2358 ipsum
1135 2271 1228 2336 nihil
1250 2271 1305 2335 est.
1337 2266 1433 2332 solua

325 2352 418 2428 enim
439 2351 510 2440 ipse
532 2353 749 2429 estmensura
769 2355 1029 2431 linamentum,
1053 2377 1219 2420 numerus
1240 2355 1309 2418 fine
1321 2367 1423 2418 nume·

323 2457 381 2512 ro,
430 2440 539 2502 ondua
559 2438 635 2503 line
648 2439 818 2525 pondere3
841 2453 876 2502 et
897 2437 1036 2511 merito,
1059 2437 1141 2524 quia
1163 2460 1183 2504 a
1202 2439 1321 2512 nullo,
1339 2447 1433 2499 nect¹

323 2459 433 2607 stipiti
460 2521 687 2596 mensuratur,
719 2536 934 2596 numeratur,
973 2519 1169 2597 ordinatur,
1206 2543 1274 2585 nee
1302 2517 1338 2582 in
1366 2513 1424 2578 ulla

323 2604 496 2681 mensura,
517 2603 555 2670 in
576 2606 647 2670 ullo
667 2625 829 2678 numero,
851 2604 890 2668 in
911 2605 982 2668 ullo
1004 2603 1124 2670 ordine
1137 2602 1306 2692 intelligit
1318 2601 1350 2665 se
1361 2596 1422 2668 else,

325 2699 430 2772 quum
451 2686 489 2752 in
509 2689 605 2752 nullo
624 2709 741 2752 eorum
762 2685 1016 2752 substantialiter
1037 2686 1257 2762 continetur,
1292 2707 1365 2752 cum
1384 2679 1423 2742 ΓΟ·

323 2769 377 2834 lua
398 2767 535 2835 retain
557 2770 714 2836 omnibus
739 2772 839 2868 supra
871 2770 985 2837 omnia
1013 2771 1172 2836 infinitus
1203 2770 1328 2836 exislat.
1365 2765 1425 2829 Nec

321 2850 409 2917 mibi
431 2875 451 2918 o
476 2869 608 2941 ponta,¹
630 2874 732 2941 quare
754 2852 916 2930 dixerim,
952 2854 1106 2920 ordinem
1130 2876 1318 2942 corporum
1337 2849 1370 2914 in
1389 2846 1433 2908 tl*

321 2933 426 3002 tiorea
448 2877 482 3000 ie
502 2953 638 3002 naturae
661 2936 797 3001 extendi
817 2959 889 3002 nen
908 2939 1038 3014 valere,
1066 2961 1146 3004 cum
1169 2943 1346 3004 credamus
1366 2951 1424 2995 om·

244 3045 246 3050 ·
322 3015 383 3084 nia
412 3039 553 3106 corpora
581 3018 619 3084 in
650 3019 867 3108 incorporeae
901 3020 1076 3106 qualitates
1107 3037 1214 3108 atque
1247 3013 1425 3086 substantiae

293 3109 301 3144 ³
324 3101 389 3166 este
409 3101 600 3169 transitura.
644 3103 789 3188 Quando
812 3103 905 3169 enim
925 3107 992 3169 hoc
1012 3104 1092 3179 erit,
1118 3125 1267 3192 corpora
1288 3103 1350 3168 elle
1369 3093 1424 3162 ces·

322 3184 456 3249 sabunt.
497 3186 618 3250 Adhuc
646 3203 759 3252 autem
787 3188 868 3254 dum
897 3207 1037 3284 corpora
1064 3187 1165 3263 sunt,
1204 3211 1273 3254 nec
1298 3179 1425 3274 inferint

321 3287 389 3332 nec
419 3265 571 3354 superlata
602 3269 679 3334 mae
704 3285 845 3335 naturae
875 3285 1037 3335 termmoa
1065 3271 1209 3357 possunt
1240 3265 1433 3354 tranagredlo

319 3351 378 3414 'De
398 3371 464 3435 qua
483 3367 578 3437 parte
597 3352 733 3418 Philoso
758 3351 852 3429 biae,
876 3355 957 3418 dum
980 3357 1022 3418 de
1041 3353 1156 3418 reditu
1176 3376 1296 3420 rerum
1314 3352 1350 3418 in
1365 3359 1433 3413 cau-1

319 3429 373 3496 saa
394 3433 694 3514 considerabimus,
727 3377 925 3523 (iiligentiua
947 3435 1154 3502 tractabitur.
1201 3440 1309 3504 Nunc
1330 3449 1426 3499 autent

324 3515 369 3581 tle
388 3537 429 3582 eo
453 3520 545 3604 quod
565 3517 680 3594 inslat,
712 3521 779 3584 hoc
800 3519 862 3594 est,
899 3524 991 3606 quod
1011 3524 1103 3584 Deua
1125 3521 1215 3606 quid
1238 3523 1279 3602 sat
1298 3539 1368 3584 non
1387 3512 1427 3576 in·

320 3597 394 3664 telli
421 3599 463 3678 't,
501 3599 706 3666 intueamur.
762 3605 807 3666 Et
846 3617 962 3668 utrum
991 3603 1056 3669 tibi
1083 3603 1268 3689 probabile
1296 3601 1433 3674 videtur,

343 3704 390 3750 uo
436 3701 598 3749 conamur
620 3688 662 3750 de
682 3687 750 3749 hoc
769 3686 924 3762 suadere,
946 3707 1018 3751 non
1040 3700 1074 3750 te
1094 3685 1229 3775 pudeat
1249 3683 1359 3752 fateri.
1391 3681 1433 3742 Do

272 3835 278 3842 ,
357 3769 460 3831 ehac
478 3765 626 3833 mirabili
648 3765 765 3834 divina
784 3767 993 3856 ignorantia,
1015 3791 1081 3916 Fun
1103 3774 1202 3836 Deua
1223 3791 1299 3838 non
1320 3757 1433 3834 intelli-l

320 3849 689 4028 sir,‘}¹²iin¹¹{iiii'f
718 3854 1118 4023 lffnl‘telf‘tdtlt
1138 3849 1429 4006 tsldsblsd

321 4013 396 4078 den
426 4015 543 4081 fateor.
584 4019 665 4084 Non
696 4016 789 4084 enim
815 4018 935 4084 suadet
964 4023 1078 4087 Deum
1097 4019 1253 4118 seipsum
1272 4019 1433 4107 ignoraret}

321 4093 381 4161 sed
412 4093 622 4168 solummodo
649 4100 807 4189 ignorare
833 4099 919 4191 qnid
937 4103 995 4181 sit,
1025 4119 1061 4170 ct
1079 4119 1230 4183 mento3
1265 4101 1347 4193 quit
1364 4111 1433 4184 ¹¹⁰⁰}

322 4177 367 4244 cll
397 4179 500 4270 quid,
529 4175 686 4252 inemln
714 4181 843 4273 qtaippe
873 4185 935 4266 all,
970 4201 1006 4254 et
1025 4185 1085 4256 stbi
1103 4185 1188 4275 ipsi,
1220 4201 1260 4256 et
1278 4181 1427 4255 omnibu·
