2922 4978
509 201 802 344 teoee'ouortue.
1126 235 1208 335 403

98 461 138 510 co
188 457 337 518 oaceret.
361 441 538 532 ddigeret,
558 459 841 520 vereretur‚=non
862 443 1001 514 fortaffia
1019 447 1206 533 eserpente

98 525 130 592 le
155 538 329 601 ureretur,
359 549 425 593 uec
455 526 566 592 virum
595 529 691 594 suum
722 531 904 594 attraheret
928 545 969 596 ut
1023 532 1222 608 rideretur„

97 631 163 676 nec
184 611 226 675 de
247 610 339 699 foliis
362 609 440 688 fici,
475 613 543 678 hoc
564 612 607 678 eli
628 615 670 678 de
690 612 801 678 verbio
823 553 1033 680 tntummodo
1054 612 1206 683 mandati
1260 659 1266 688 ,

96 690 322 760 succinctoria
352 695 412 761 fibi
445 696 663 770 consuerent,
695 699 762 762 hoc
783 696 828 760 est
848 717 1016 784 congruos
1038 694 1207 764 deoderiie

96 776 208 844 carnia
229 777 478 866 mortiferisque
500 778 769 866 turpitudinibue
786 779 853 845 [uie
869 781 966 857 usuo,
988 779 1046 848 red
1063 783 1106 846 de
1119 780 1207 848 fruo-

98 877 137 926 tu
160 859 276 935 illiue.¹
309 865 375 928 hoc
406 863 450 932 cll
471 865 513 928 de
534 885 614 930 vera
634 864 797 950 vitalique
818 862 955 929 divinae
973 863 1058 962 legia
1079 863 1207 930 virtute

98 960 201 1043 atque
229 944 474 1034 intelligentia,
496 947 682 1021 sumerent,
706 951 943 1023 comederent,
960 963 994 1012 et
1014 969 1050 1011 tn
1073 963 1208 1020 aeterna
1311 999 1318 1020 ,

95 1027 260 1097 felicitate
290 1029 453 1096 viverent.
498 1035 567 1096 Lex
600 1030 713 1118 itaque
736 1030 851 1096 divina
873 1031 1023 1117 perverse
1043 1031 1208 1117 interpre-

99 1127 170 1178 tata
192 1126 227 1176 et
249 1113 431 1185 secundum
455 1116 557 1182 lolem
578 1114 710 1180 literam
731 1115 953 1188 confiderem,
984 1112 1210 1201 humanisque

98 1195 157 1260 leo
179 1195 354 1265 diabolicis
375 1199 666 1287 superstitionibus
685 1215 858 1296 corrupta,
882 1195 1071 1264 carnalibus
1085 1217 1209 1265 conco·

96 1278 274 1367 piacentiia
304 1283 347 1347 ell
376 1303 525 1372 congrua
547 1297 581 1346 et
600 1279 886 1348 irrationabilibus
908 1278 1058 1349 motibus
1078 1280 1208 1368 periac-

96 1379 206 1440 mata,
238 1365 346 1430 veluti
376 1367 577 1452 quibuedam
606 1365 697 1432 foliie
719 1364 878 1434 inanibus
900 1363 1062 1450 omnique
1081 1363 1210 1434 virtute

95 1468 137 1513 ac
166 1469 249 1514 vero
271 1447 467 1528 intellectu,
499 1449 639 1538 praedat
660 1450 816 1516 confutet
847 1451 940 1514 bene
956 1469 1039 1516 vero
1058 1463 1093 1522 et
1114 1445 1209 1544 spiri·

97 1529 235 1596 tualiter
266 1531 439 1600 intellecta
470 1533 633 1622 omnique
654 1531 779 1598 carnali
800 1533 897 1598 sensu
918 1553 959 1598 ae
977 1530 1210 1619 superstitione

97 1630 256 1702 purgata,
286 1617 494 1688 salutiferum
524 1618 661 1682 vitalem
688 1639 731 1681 ue
759 1612 1036 1691 comedentibua,
1055 1618 1139 1681 ‘hoo
1166 1613 1211 1681 etl

95 1714 189 1764 recte
214 1699 409 1774 ‚secundum
432 1701 585 1790 spiritum
607 1641 877 1788 intilligentibua
900 1722 994 1775 eam,
1027 1697 1211 1765 fructificat
1293 1713 1298 1718 ·

96 1782 209 1848 esumt
233 1785 275 1860 de
297 1807 364 1872 quo
383 1786 487 1886 primi
512 1784 667 1852 homines
689 1787 866 1850 comedere
882 1786 1057 1858 nolentes,
1079 1783 1137 1847 sed
1152 1780 1212 1847 fal·

95 1865 156 1930 filo
181 1864 218 1930 ui
246 1868 409 1958 serpentia
441 1868 715 1970 interpretationi
743 1872 935 1942 credentes.
968 1889 1040 1932 non
1061 1867 1211 1930 inactum

96 1887 216 2035 legiis
236 1950 294 2016 fici
315 1953 350 2017 iu
375 1955 473 2020 ulum
493 1955 510 2017 s
531 1953 613 2020 ttilu
652 1967 874 2040 acceperunt,
895 1951 969 2016 'sed
991 1949 1073 2014 folia
1093 1947 1211 2044 inania

93 2031 292 2121 fraudisque
320 2041 439 2123 plena,
474 1979 541 2106 [oia
563 1976 723 2102 virielicet
747 2038 864 2112 verba,
900 2033 1066 2103 diabolica
1094 2033 1211 2126 estun?

95 2133 274 2192 connexe,
305 2122 429 2207 quibua
450 2121 584 2187 luorum
603 2119 787 2186 libidinum
810 2117 1040 2208 turpitudines
1062 2133 1213 2199 coopert-

96 2219 133 2262 te
156 2202 319 2268 valerent.
364 2207 442 2270 Hoc
463 2220 574 2268 autem
598 2203 742 2269 dicimus
763 2208 915 2270 sanctum
935 2198 1144 2268 Ambrosium
1165 2195 1213 2260 se·

96 2285 352 2435 liminii
374 2287 862 2436 Pltltllttltllltllt
875 2283 1212 2432 lictltllltltt

96 2446 273 2516 cinctoria.
316 2417 434 2520 Ficum
457 2457 620 2520 hocloco
667 2475 703 2518 ro
728 2416 795 2540 quai
818 2449 929 2550 specie
951 2452 1111 2516 debemus
1127 2442 1212 2512 acci·

96 2553 193 2617 pere,
227 2534 417 2604 divinarum
438 2560 503 2604 not
525 2541 624 2604 docet
642 2477 744 2600 ieriea
766 2538 971 2610 lectionume
1002 2527 1212 2628 quandoqui-

97 2617 176 2678 dem
198 2617 304 2683 salvoa
328 2622 391 2685 elle
412 2622 471 2708 qui
496 2621 554 2686 sub
578 2621 649 2684 vite
670 2635 705 2683 et
725 2620 794 2684 ficu
814 2617 1049 2704 requiescunt,
1071 2617 1212 2698 scriptu·

96 2717 134 2760 ra
155 2703 412 2780 memoraverit,
437 2720 471 2770 et
493 2707 651 2770 Salomon
679 2702 820 2769 dixerit:
844 2700 930 2786 Quis
944 2701 1079 2800 plantat
1095 2697 1208 2765 ficum,

98 2793 135 2844 et
157 2781 199 2844 tle
220 2784 333 2850 fructu
355 2791 427 2868 ejue
451 2810 521 2852 non
544 2787 750 2852 manducat?
786 2789 830 2848 Et
851 2789 1021 2850 Dominus
1044 2782 1087 2850 od
1107 2778 1211 2838 licum

98 2861 254 2937 venerit.
277 2868 433 2936 [erlideo
456 2870 706 2944 eritoffenlud‚
734 2868 908 2956 quianon
928 2855 1101 2924 invenerit
1120 2856 1211 2923 f1¹10¹
1281 2889 1283 2896 ’
1324 2882 1329 2895 ’

97 2961 192 3021 tum,
214 2946 271 3010 sed
294 2948 376 3017 folia
398 2965 541 3014 tantum.
584 2957 695 3014 Docet
715 2969 770 3012 me
793 2965 828 3010 er
852 2965 871 3010 o
893 2947 999 3011 Adam
1022 2961 1107 3029 quae
1133 2940 1214 3004 lunt

97 3028 200 3104 folia,
230 3028 289 3117 qui
317 3032 529 3120 posteaquam
556 3031 729 3118 peccavit,
766 3032 812 3094 de
828 2969 928 3094 gloliis
960 3024 1019 3092 fici
1047 3022 1107 3090 libi
1127 3020 1212 3088 fecit

95 3111 339 3189 succinctoria,
375 3114 434 3202 qui
464 3119 505 3182 de
533 3113 700 3186 fructibuo
721 3119 792 3196 ejue
812 3110 919 3198 megia
1013 3129 1067 3174 are
1088 3110 1211 3172 debue-

96 3193 154 3260 rit
198 3197 304 3262 lullus
327 3199 477 3265 fructum
502 3197 615 3294 eligit,
637 3197 719 3263 folia
739 3210 907 3284 peccator.
975 3193 1035 3258 uid
1058 3191 1102 3258 est
1123 3192 1211 3258 fruo-

98 3277 182 3344 tue?
214 3282 365 3358 fructus,
388 3282 547 3370 inquitA
575 3283 715 3356 ostolus,
749 3278 884 3368 spiritua
906 3278 951 3344 est
971 3275 1108 3351 caritas,
1133 3295 1211 3374 gau·
1267 3315 1270 3322 ·

99 3359 220 3439 dium.
243 3387 327 3452 pax,
348 3365 529 3453 patientia,
549 3307 763 3453 benignitas,
786 3361 962 3438 modestia,
985 3361 1210 3430 continentur.
1235 3421 1242 3436 .

98 3445 251 3514 dilectio.
293 3451 373 3516 Non
395 3451 541 3516 habebat
559 3448 725 3522 fructum,
755 3445 814 3534 qui
836 3443 999 3536 gaudium
1019 3465 1091 3512 uon
1111 3443 1212 3510 habe·

98 3531 180 3599 bote
203 3553 274 3598 non
294 3537 440 3600 habebat
460 3533 582 3609 fidem,
605 3531 664 3620 qui
686 3531 976 3619 praevaricaturo·
991 3543 1061 3594 erat
1074 3527 1211 3618 mande3

100 3627 176 3688 tuna
198 3616 284 3682 Dei:
311 3639 382 3684 uon
403 3619 549 3684 habebat
568 3614 835 3689 continentiam,
868 3612 928 3700 qui
948 3610 1131 3676 interdicto
1150 3605 1212 3672 fib!

98 3701 287 3787 gustarant
312 3701 420 3788 ligno.
473 3703 564 3788 Ergo
593 3699 789 3788 quicunque
809 3691 1058 3784 praevaricatur
1076 3690 1213 3755 manda·

97 3792 175 3850 tom
196 3783 282 3860 Dei,
304 3785 467 3872 spolietur
487 3799 521 3849 at
544 3805 588 3850 ue
608 3786 774 3857 nudatur,
797 3797 832 3846 et
851 3780 892 3846 fit
909 3775 981 3865 ipse
1001 3773 1068 3874 fibi
1083 3771 1212 3861 turpior

97 3869 176 3934 volt
196 3868 231 3932 le
251 3869 384 3958 operire
404 3807 606 3955 quibuiiam
625 3865 718 3933 foliia
738 3865 842 3939 ficut,
864 3861 997 3930 fortaffe
1011 3859 1213 3955 thuedaun

98 3949 262 4020 inmune
290 3953 348 4018 vel
376 3950 614 4020 umbratilibuo
634 3947 870 4026 sermonibus,
903 3965 990 4034 quoe
1019 3965 1096 4012 eom
1143 3941 1212 4008 fitte

97 4033 270 4108 menotio
299 4035 447 4112 alluerit.
478 4051 514 4106 et
543 4037 683 4102 verbum
706 4035 750 4100 dc
769 4032 873 4097 verbo
896 4031 1097 4106 exuensne
1122 4045 1236 4124 ,ope--

98 4115 257 4190 denum
279 4118 523 4192 conicientium
550 4116 773 4188 tenementis
794 4114 876 4182 facti
900 4137 943 4180 ue
963 4111 1212 4200 turpitudinem

101 4202 259 4270 vetmen
277 4218 435 4290 peccator
454 4199 595 4281 intexit,
631 4217 672 4265 ut
690 4202 850 4288 pudende
871 4137 929 4264 fl„
950 4209 1117 4278 conteget.
1159 4189 1211 4254 lta

734 4317 843 4386 ee*-
