2948 4978
444 267 725 344 wem.
988 277 995 294 ‘
1086 271 1142 344 48

72 473 113 524 ne
128 454 205 523 irco
223 453 275 521 eo
307 451 358 520 ii.
379 453 452 522 nea
469 453 566 532 niter
577 453 715 522 earm
727 433 901 544 corpore.
931 453 1034 522 unii
1045 432 1148 522 mid

71 557 162 606 natura
182 563 261 627 quae
279 537 419 624 seipsam
438 561 510 604 noii
531 539 694 628 intelligit
714 541 793 618 else„
816 555 875 603 aut
889 541 940 605 sni
953 541 1139 627 aequalem,

69 633 113 688 a'iit
128 626 157 688 se
175 623 363 726 inferiorem
383 622 490 710 potest
510 621 664 691 diffinire.
707 625 795 726 Nam
816 624 1064 724 quodsuprase
1080 623 1136 698 est,
1176 709 1177 712 Ἴ

66 707 350 854 ἳέἶῖἮπὲἳἫ
365 706 604 890 “tellite
617 712 886 856 hletae?
888 724 1141 878 ‘1¹13wass

65 871 232 939 inhomine
252 873 440 961 angeloque
460 872 685 948 constituitur.
708 872 921 939 diffinitionis
942 873 1063 960 peritia
1081 874 1138 944 esl.

64 957 240 1021 Sedunum
269 957 409 1043 angelua
438 973 497 1021 aut
516 961 619 1024 hoino
640 958 688 1023 sei
712 958 803 1030 suni,
828 973 894 1022 aut
914 961 1017 1022 homo
1039 977 1140 1044 ange=
1182 1020 1188 1031 ,

62 1039 131 1114 lum,
162 1056 217 1105 aut
244 1042 384 1128 angelus
414 1039 589 1106 hominem
615 1064 660 1128 po
700 1058 715 1105 t
740 1039 902 1117 diffinire,
935 1059 1007 1106 non
1035 1059 1141 1126 parva

40 1121 180 1208 quaestio
207 1122 268 1188 esti
301 1126 429 1212 deque
472 1122 534 1188 uid
552 1123 617 1190 tibi
636 1125 790 1200 videtur,
819 1127 911 1192 nole
931 1122 1048 1223 cupio.
1087 1125 1140 1190 Μ.

61 1205 174 1271 Videtur
190 1205 291 1284 rnilii',
319 1229 431 1296 neque
451 1145 592 1294 ieipsoa,
618 1231 729 1296 neque
749 1208 840 1274 inter
860 1210 893 1272 se
913 1206 1064 1274 inrieein
1077 1205 1141 1272 dis·

61 1287 137 1353 finire
188 1292 262 1356 osse.
306 1292 393 1356 Nam
414 1292 439 1356 fi
460 1294 564 1358 homo
585 1290 727 1379 seipsum
747 1293 802 1356 vel
824 1293 982 1379 angelum
1003 1288 1145 1369 diffinit,

60 1375 143 1450 maior
159 1315 262 1461 idipso
287 1374 331 1473 el}
351 1390 394 1474 ct·
407 1377 538 1468 angelo.
580 1379 690 1458 Majua
711 1375 756 1440 esl
776 1375 868 1441 enim
882 1379 989 1522 ¹quod·
1002 1372 1140 1450 diffinit,

59 1477 148 1634 dt
164 1461 253 1607 ill
279 1457 488 1628 littra
507 1462 634 1608 {33⁶3
653 1461 840 1630 latiis
857 1459 1141 1616 ῗωὲῗὲὴέἒῖξ

59 1561 168 1688 bitin·
187 1647 232 1711 po
259 1647 279 1689 e
301 1625 451 1690 arbitror.
494 1630 537 1691 D.
560 1627 700 1692 Videtur
719 1625 806 1692 mihi
828 1629 892 1690 hac
912 1649 930 1690 r
949 1625 1045 1690 tione
1058 1644 1143 1691 con·

58 1705 128 1769 cludi
152 1729 220 1774 non
249 1706 332 1774 aliae
358 1723 486 1775 raturaa
512 1709 706 1777 rationabili
732 1711 847 1808 animo
876 1707 911 1774 di
947 1707 1044 1806 niriq
1072 1706 1136 1804 nisi

55 1789 201 1856 inferiores
213 1792 258 1870 se,
280 1793 504 1860 tivevisibilea
514 1795 589 1872 sint,
612 1796 677 1859 sire
693 1792 890 1858 invifibilea.
912 1795 960 1857 Μ.
976 1791 1139 1878 Quisquis

57 1872 107 1935 hoc
124 1873 248 1952 dixerit,
272 1899 294 1942 a
314 1877 455 1941 veritate
472 1898 542 1944 non
559 1891 655 1942 errat.
683 1880 831 1964 ldeoque
845 1875 905 1942 ubi
920 1874 1141 1941 diffinitionea

57 1973 149 2020 eornm
166 1981 251 2046 quae
274 1959 509 2036 diffiniuntur,
532 1960 581 2026 ibi
603 1960 756 2060 profecto
779 1975 814 2026 et
827 1959 896 2026 loci
913 1981 1029 2025 eornm
1052 1979 1141 2045 quae
1271 1981 1274 1988 ’

56 2035 359 2108 circumscribuntur.
379 2043 564 2110 Praedictia
580 2041 1144 2118 enimratioiiihuaconfectumest,

56 2120 146 2186 locum
160 2125 402 2192 diffinitionem
422 2129 501 2204 elle,
525 2143 561 2192 et
575 2127 814 2194 diffinitionem
829 2131 955 2194 locuni.
984 2130 1027 2190 D.
1050 2127 1142 2192 Con·

56 2201 306 2274 fectumscilicet.
330 2215 379 2276 M.
396 2210 498 2298 Atqui
513 2211 737 2278 diffinitiones
748 2233 938 2299 corporum,
960 2227 1145 2295 rerumque

56 2289 162 2354 ratione
178 2293 377 2368 carentium,
399 2317 472 2361 non
490 2293 571 2359 alibi
587 2295 649 2362 nisi
664 2296 701 2360 iri
716 2295 827 2360 anima
839 2293 1032 2360 rationabili
1047 2294 1138 2357 sunt.

55 2371 83 2433 lu
99 2373 249 2464 caltaque
267 2391 304 2441 et
317 2377 385 2442 loci
397 2377 476 2442 sunt
492 2377 645 2445 omnium
660 2401 745 2468 quae
757 2377 908 2445 localiter
922 2379 1144 2464 comprehen-

56 2455 167 2522 duntur.
199 2463 243 2524 At
267 2461 293 2524 fi
312 2460 486 2526 rationalia
504 2461 616 2528 anima
629 2463 830 2562 incorporea
846 2461 899 2536 est,
921 2466 1014 2528 unde
1025 2460 1144 2526 nullna

57 2536 161 2623 sapiens
182 2543 329 2620 dubitat,
349 2545 529 2612 necessario
551 2546 714 2636 quicquid
733 2570 771 2613 in
792 2544 1063 2634 cointelligitur,
1088 2543 1142 2608 in·

56 2641 228 2710 corporeum
252 2629 317 2692 else
339 2627 549 2693 manifestum
571 2630 625 2694 est.
666 2632 712 2695 Et
730 2632 826 2697 locui
846 2621 885 2694 iri
906 2631 1020 2695 animo
1041 2627 1143 2693 intel·

56 2703 164 2790 ligitur,
181 2712 281 2776 dicut
302 2710 396 2798 priua
420 2713 536 2777 datum
558 2713 612 2776 est.
654 2711 878 2802 Incorporalia
899 2713 943 2776 est
964 2733 1054 2800 ergo.
1095 2711 1141 2776 D·

55 2787 88 2851 Et
111 2793 171 2858 hoc
187 2799 263 2874 jure
284 2795 483 2860 conclusum
502 2794 616 2860 rideo.
659 2796 737 2862 Sive
760 2795 853 2861 enlin
873 2795 1024 2882 angelica
1044 2809 1147 2860 natu-

54 2893 81 2933 ra
95 2871 196 2942 reru‘m
216 2877 420 2945 inferiorum
441 2880 475 2944 se
496 2876 717 2945 diffinitiones
738 2877 931 2957 contineat,
965 2895 1007 2942 ut
1025 2880 1142 2964 Augu·

55 2951 119 3023 lino
136 2959 271 3026 videtur
291 2963 442 3048 placeret
472 2984 552 3027 nam
574 2977 609 3027 et
631 2961 743 3050 angeli
763 2961 923 3028 inferiora
946 2962 979 3026 se
1000 2962 1143 3027 credun·

54 3052 96 3134 tur
121 3043 363 3111 administrare:
392 3046 469 3111 sive*
488 3048 532 3111 ad
559 3043 729 3134 superiora
755 3045 788 3110 se
814 3045 944 3132 semper
970 3044 1140 3120 intendat,

55 3124 83 3184 id
103 3125 154 3200 ell,
180 3132 224 3194 ad
252 3128 368 3194 causae
392 3149 505 3194 reruni
532 3146 703 3208 aeternare
736 3128 818 3194 huic
843 3128 969 3194 rationi
990 3151 1062 3194 non
1082 3129 1142 3193 ob·

54 3203 106 3272 lit
140 3213 219 3278 Non
252 3211 348 3277 enim
376 3213 557 3278 averiiate
579 3211 692 3290 distat,
720 3229 760 3276 ut
781 3212 901 3287 video.
928 3212 1028 3300 liquis
1051 3209 1142 3277 aelli·

55 3293 172 3358 oraverit
195 3299 386 3361 humanum
418 3291 568 3362 animuin
590 3295 730 3362 terrenis
752 3299 862 3362 adhuc
880 3293 1060 3384 phantasiis
1085 3296 1142 3358 de·

54 3375 180 3454 prelium,
203 3381 320 3446 causae
340 3395 466 3444 creatae
480 3378 679 3446 inferiorum
688 3380 722 3445 se
733 3397 926 3445 naturarum
943 3381 1034 3467 polle
1048 3399 1142 3443 com·
1161 3385 1165 3398 '
1223 3391 1231 3402 ⁴

55 3462 256 3540 prehendere;
296 3463 320 3525 si
351 3485 436 3550 pure
466 3461 598 3528 vixerit.
645 3463 846 3550 Angelicum
874 3485 956 3528 vero
987 3460 1143 3528 omniurn

55 3557 142 3634 rtrum
170 3561 325 3612 aeternae
356 3561 513 3634 appetere
533 3545 700 3626 rationea;
732 3563 766 3613 et
789 3547 918 3613 adhoc
938 3547 1066 3631 semper
1086 3563 1143 3608 ca·

55 3637 131 3690 ritate
150 3646 282 3706 motus,
305 3631 488 3694 humanam
508 3645 663 3695 naturam
684 3631 858 3695 attrahere.
901 3629 951 3692 Μ.
972 3633 1078 3692 Recte
1091 3624 1149 3688 vi‹

57 3703 106 3798 let·
142 3711 288 3778 Videsne
315 3711 430 3800 itaque
455 3733 526 3778 non
555 3711 649 3778 aliud
669 3715 733 3780 elle
753 3715 867 3778 locum
887 3710 949 3776 nili
971 3709 1142 3777 actionem

56 3792 263 3882 intelligentia
275 3811 377 3882 atque
398 3797 732 3883 comprehendentia,
754 3796 881 3861 virtute
894 3791 1144 3882 intelligentiae

59 3888 85 3962 ‚⁰²
128 3899 188 3943 uae
215 3881 505 3967 comprehendere
525 3881 659 3967 potest„
683 3882 751 3945 sive
773 3877 936 3944 sensibilia
951 3879 1040 3954 sintj
1073 3876 1144 3944 sire

58 3898 206 4028 uteiiectu
235 3964 503 4048 comprehensa?
530 3967 641 4051 Atque
668 3961 694 4030 fi
720 3963 769 4028 ita
789 3962 849 4038 est,
870 3960 974 4028 'aliud
994 3984 1030 4028 er
1053 3982 1075 4026 o
1095 3959 1143 4024 est

92 4045 127 4107 od
145 4043 329 4123 diffinitur,
354 4060 389 4111 et
409 4046 502 4112 aliud
522 4051 594 4130 ejua
616 4045 786 4114 diffinitio.
828 4049 871 4112 ll.
891 4045 994 4112 Aliud
1059 4042 1143 4110 evi·

75 4141 114 4188 ²⁰·
150 4132 217 4196 Sed
243 4128 440 4197 intellectui
466 4130 526 4218 qui
552 4130 599 4196 sei
623 4134 696 4198 sum
725 4129 835 4206 intelli
862 4129 902 4209 't,
931 4153 1037 4219 quum
1057 4126 1102 4192 sei
1128 4163 1142 4177 ·

60 4201 112 4276 [lm
135 4211 275 4295 diffinit,
303 4214 427 4286 suimet
445 4214 541 4284 locria
607 4215 792 4286 evidetur.
873 4217 978 4283 ‚Nec
996 4217 1065 4282 hoc
1086 4150 1142 4278 ai·
