2856 4978
357 186 359 197 '
379 203 390 238 ι

276 229 358 304 820
602 227 656 300 De
676 229 857 302 Diuisione
876 225 1052 314 Natta-ae,

207 463 213 478 ,
252 411 476 502 ,ιιοςιιίοιιοο
507 427 543 478 et
569 411 805 482 affirmationes
834 379 977 504 imagini
1007 428 1041 482 et
1069 412 1284 482 fimilitmlini
1312 419 1381 498 elea

213 544 215 553 ,
278 520 365 649 ime
385 499 422 562 in
443 495 583 562 homine
603 497 664 572 est,
698 497 904 564 unanimiter
925 497 1133 564 convenire?
1165 499 1381 586 Quandoqui-

303 607 355 649 em
384 583 515 667 superat
544 596 673 644 caetera
696 581 852 646 animalia
872 581 962 647 inter
982 604 1067 670 quae
1087 582 1146 647 rub
1168 604 1239 648 uno
1261 605 1380 669 genere

220 705 225 726 .
279 667 323 732 est
350 663 525 737 conditus,
559 677 593 727 et
619 668 715 744 cujus
746 666 841 730 causa
869 665 1007 732 condita
1034 666 1121 733 lunt.
1159 665 1261 750 ,Quia
1292 666 1381 732 erim

279 765 370 814 recte
393 745 594 833 sapientiam
618 745 801 845 ignorarit,
823 752 1103 814 annemundum
1122 747 1285 814 vifibilem
1307 772 1381 816 cum

214 851 221 872 ⁸
277 831 436 898 omnibus
462 830 529 894 [uia
550 835 720 916 partibus,
751 832 919 897 alummo
941 854 1048 919 usque
1070 833 1224 903 deorsum
1244 849 1380 920 propter

275 914 450 980 hominem
473 915 699 992 meracium,
722 931 764 978 -ut
785 915 816 979 ei
835 917 995 1002 precellat
1016 931 1050 982 et
1070 914 1300 980 dominaretur
1314 939 1382 982 om·

277 997 375 1062 nium
396 1007 507 1062 rerum
528 995 733 1061 rifibilium‘l
769 999 873 1081 Quod
894 1002 1035 1065 Sanctam
1060 998 1240 1086 Gregorius
1264 999 1301 1064 in
1323 1000 1381 1066 ier·

162 1134 166 1140 .
206 1109 232 1132 ==
274 1103 377 1147 mone
405 1083 447 1145 de
476 1079 626 1167 imagine
653 1079 706 1146 hia
736 1083 847 1146 verbis
870 1084 998 1148 edocet.
1045 1085 1229 1178 Quoniama
1259 1081 1379 1170 inquit,

277 1169 438 1233 Creatura
471 1167 588 1231 diuina
615 1167 741 1229 virtute
759 1161 861 1254 fimul
892 1189 962 1230 cum
990 1181 1171 1250 praecepto
1205 1191 1265 1233 con
1281 1172 1381 1232 tituta

264 1247 335 1340 fit,
365 1253 505 1314 hominis
532 1269 610 1313 vero
640 1247 904 1337 corstitutionem
933 1251 1098 1316 canalium
1128 1253 1243 1332 praela
1271 1257 1317 1324 it,
1347 1266 1379 1316 et

2 1374 25 1416 s
273 1333 497 1420 performatur
517 1332 559 1396 ab
580 1333 720 1422 Artifice
738 1335 949 1415 perverbum
986 1339 1176 1416 cripturam·
1191 1338 1273 1418 quid
1284 1331 1379 1423 futu·

274 1441 343 1482 rum
366 1413 461 1510 affat,
484 1417 632 1502 ecquale
653 1413 716 1510 effe
736 1423 944 1490 carmaniam,
968 1433 1001 1482 et
1022 1421 1179 1505 aliquale
1196 1421 1379 1502 principale

215 1500 217 1510 '
277 1506 445 1584 exemplar
463 1499 716 1593 fimilitudinem
744 1495 869 1590 ferret,
901 1517 934 1566 et
962 1507 996 1568 in
1016 1525 1080 1589 quc
1096 1501 1219 1596 fieret,
1250 1519 1287 1574 et,
1304 1505 1379 1587 quil

273 1609 294 1652 o
319 1601 464 1650 araretur
484 1579 640 1673 faceram,
675 1599 709 1650 et
739 1586 853 1668 quibus
883 1587 1126 1652 dominaretur:
1157 1589 1266 1652 omnia
1292 1592 1380 1668 prins

264 1611 378 1764 simo
405 1664 644 1760 circumspicit.
674 1683 713 1732 nt
744 1670 1010 1748 venerabiliorem
1030 1675 1257 1754 generationis
1277 1673 1379 1755 digni·

273 1767 397 1827 tatem.
420 1757 609 1839 priusquam
632 1756 665 1821 in
681 1747 849 1844 effcntiam
864 1758 1009 1828 ueniret.
1035 1750 1104 1844 ipse
1113 1751 1303 1843 sortiretur,
1326 1758 1379 1841 qui

272 1841 497 1920 principatum
535 1859 639 1901 eorum
675 1859 760 1921 quae
776 1836 861 1928 frent
891 1835 1090 1932 paffeffurus
1108 1832 1219 1930 foret.
1275 1843 1379 1904 Dixit

273 1926 375 1996 enirn,
397 1924 519 2006 inquit.
542 1923 659 1994 Deus,·
690 1924 862 1984 Faciamus
882 1925 1039 1987 hartrinem
1060 1923 1107 1984 ael
1129 1925 1305 2005 imaginem
1324 1947 1376 1988 no·

261 2003 373 2096 flram
405 2002 734 2092 et.st‘rnllitruiinem,
767 2019 802 2068 et
832 2007 1017 2072 dominetur
1035 2011 1175 2090 piscium
1196 2011 1317 2084 maris,
1349 2021 1379 2070 et

272 2087 449 2192 bellicarum
471 2103 600 2161 terrae,
623 2102 656 2151 et
676 2090 862 2154 volatilium
882 2093 982 2163 coeli.
1006 2107 1039 2154 et
1059 2106 1294 2173 pecorumhet
1315 2115 1376 2155 om·

215 2198 219 2214 ·
270 2196 325 2238 nas
351 2171 468 2244 t'erran
511 2174 556 2234 Et
584 2175 649 2236 hoc
673 2171 704 2235 ei
727 2175 842 2238 datum
866 2174 927 2249 est,
960 2175 1027 2240 five
1048 2189 1202 2261 peccaret
1217 2176 1290 2247 *five
1311 2197 1377 2240 non

270 2273 441 2343 peccaret,
465 2255 616 2342 quamvis
638 2277 708 2320 non
733 2260 852 2322 eodem
873 2260 975 2324 modo
996 2273 1143 2342 regeret,
1166 2257 1190 2320 sr
1211 2280 1283 2323 non
1304 2279 1375 2344 pec·

271 2355 378 2413 caret,
411 2361 478 2426 qno
507 2339 595 2424 regit
621 2339 799 2438 postquam
821 2341 984 2424 peccavit.
1033 2345 1077 2405 Et
1106 2357 1145 2404 ut
1165 2344 1232 2406 hoc
1254 2343 1373 2406 certina

270 2443 470 2508 cognoscas,
503 2445 587 2486 num
617 2423 778 2488 existrmaa
805 2422 979 2488 hominem
1004 2445 1041 2488 ea
1063 2439 1157 2510 parte
1179 2423 1228 2488 sui
1251 2427 1376 2510 quaed

213 2577 217 2590 Ι
269 2505 452 2592 imaginem
483 2505 548 2570 Dei
575 2507 684 2570 factus
714 2507 757 2569 est
786 2506 909 2570 animal
938 2508 1025 2571 effei
1055 2513 1181 2572 Antea
1203 2528 1268 2592 qua
1292 2506 1376 2572 inter

270 2589 427 2653 animalia
449 2593 492 2654 de
513 2606 601 2654 terra
620 2593 805 2675 productus
829 2591 872 2654 est
894 2590 1075 2678 imaginem
1097 2590 1162 2654 Dei
1184 2589 1372 2654 subfitteret

268 2675 555 2760 Aetnamque,
577 2675 644 2737 hoc
667 2673 710 2736 eli
734 2688 769 2736 et
788 2671 970 2771 imaginem
995 2689 1029 2738 et
1051 2673 1194 2748 animal,
1217 2673 1374 2740 veraciter
1426 2697 1427 2758 t

163 2767 166 2782 '
268 2755 305 2820 in
340 2777 379 2822 eo
411 2777 481 2821 non
515 2756 600 2820 ellel
635 2759 676 2818 D.
709 2759 785 2821 Hoc
813 2758 971 2820 ultrmam
993 2759 1213 2822 nullomodo
1237 2758 1372 2822 dubium

269 2853 404 2925 oportet
432 2838 610 2914 aestimari,
647 2843 731 2905 haec
760 2839 852 2904 enim
878 2839 973 2904 fimul
998 2842 1061 2905 elle
1082 2840 1118 2905 in
1140 2838 1281 2908 homine
1301 2860 1372 2904 rere

266 2923 354 2988 ratio
386 2926 593 3010 comprobat.
637 2925 724 2988 lllud
754 2943 855 2996 vero,
886 2925 954 2988 hoc
982 2923 1026 2988 est
1047 2923 1230 3009 imaginem
1252 2923 1288 2988 in
1309 2921 1372 2988 ani·

266 3006 347 3070 mali
376 3021 411 3070 et
439 3006 562 3070 animal
584 3003 619 3068 in
642 3005 708 3069 ima
737 3004 791 3069 'ne
815 3005 955 3072 omnino
975 3027 1047 3070 non
1069 3027 1246 3092 negarem,
1278 3009 1370 3071 lime

267 3111 339 3154 non
359 3105 511 3154 moveret
553 3091 622 3151 uod
644 3089 680 3152 in
703 3027 865 3176 liiperiori
886 3111 905 3153 a
926 3089 1158 3155 indefinitum
1181 3090 1247 3164 est,
1270 3088 1371 3154 horni-
1425 3149 1426 3154 ,

264 3193 345 3236 nem
381 3172 446 3235 vin.
468 3171 505 3236 in
528 3111 632 3258 ieipio
654 3170 782 3258 abique
803 3187 912 3237 totum
934 3173 1018 3271 ‘ffel
1055 3195 1095 3238 ex
1117 3193 1185 3259 quo
1208 3171 1369 3238 daturin·

266 3252 373 3341 telligi
395 3269 434 3319 at
454 3253 593 3340 opinor,
618 3271 651 3319 et
675 3271 780 3322 totam
801 3253 984 3342 imaginem
1005 3278 1042 3320 ιιι
1064 3271 1138 3320 toto
1160 3255 1319 3330 animali,
1340 3269 1369 3322 ct

154 3339 186 3374 ’·
267 3353 379 3402 toturn
400 3337 522 3402 animal
543 3337 580 3402 in
604 3343 674 3403 tota
695 3337 844 3424 imagine
864 3353 1060 3425 pernotum
1082 3337 1257 3404 hominem
1277 3335 1369 3404 labli·

264 3421 356 3486 llere.
405 3423 453 3485 M.
487 3421 593 3486 Miror
620 3443 680 3485 cur
713 3437 744 3486 te
771 3420 849 3484 talia
879 3436 1042 3496 movent,
1080 3443 1159 3486 cum
1190 3422 1308 3488 videar
1335 3421 1368 3484 ia

264 3507 331 3570 hoc
358 3505 502 3570 maxime
530 3503 713 3590 imaginem
745 3519 778 3567 et
806 3503 1060 3571 fimilitudinem
1081 3505 1148 3570 Dei
1168 3502 1207 3570 in
1228 3509 1370 3571 hnmana
1424 3509 1425 3568 i

265 3605 384 3654 natura
406 3589 497 3687 polle
517 3586 688 3676 cognoaci.
731 3588 776 3650 Ut
798 3587 889 3653 enim
912 3590 1006 3651 Deua
1027 3603 1061 3652 et
1084 3588 1182 3687 lapsa
1204 3587 1320 3654 ornain
1339 3599 1371 3650 et

262 3670 301 3738 in
331 3675 489 3738 omnibua
512 3671 571 3746 est,
603 3670 675 3757 ipse
694 3668 857 3757 liquidem
879 3665 1015 3736 cilentio
1037 3673 1191 3738 orantum
1215 3672 1280 3749 est,
1316 3665 1370 3757 qai

262 3757 450 3821 ceresolas
472 3755 531 3831 eli,
555 3769 589 3818 et
601 3775 688 3820 cum
710 3753 748 3818 in
772 3752 931 3820 omnibus
952 3769 1062 3832 totas,
1079 3756 1130 3820 tic
1152 3770 1245 3822 erma
1259 3751 1370 3822 omnia
1423 3807 1424 3810 ι

265 3853 357 3904 torua
378 3840 441 3905 elle
463 3859 533 3903 non
557 3836 695 3914 definit;
717 3852 809 3902 totus
829 3835 867 3900 in
889 3839 1037 3912 mundo,
1061 3853 1153 3905 totua
1174 3837 1264 3906 circa
1277 3857 1369 3904 mun·

264 3924 365 3996 dum,
388 3938 480 3987 totae
502 3921 538 3986 in
561 3937 711 3986 creatura
726 3918 888 3996 lenfibili,
910 3919 948 3985 in
965 3919 1173 4009 intelligibili
1187 3936 1301 4000 totam
1325 3935 1369 3984 to·

263 4019 318 4069 tua
340 4004 377 4068 in
398 4003 612 4070 universitate
632 4003 691 4081 fin
712 4003 749 4068 in
773 4018 846 4069 toto
867 4001 1093 4070 universitatis
1115 4020 1226 4081 cotue,
1248 4006 1285 4070 in
1299 4021 1367 4089 par·
1423 4013 1424 4091 i

263 4085 355 4152 tibae
376 4091 447 4170 ejas
468 4102 579 4165 totus,
602 4085 681 4174 qnia
700 4085 772 4237 ipse
793 4085 837 4150 est
856 4099 891 4152 et
911 4100 1022 4152 totum
1043 4103 1078 4153 et
1095 4107 1187 4174 para,
1211 4087 1365 4172 certeque

203 4233 216 4246 ,
263 4185 377 4242 totam
395 4191 509 4260 aeque
527 4191 623 4260 perer
642 4169 692 4239 ita
737 4189 861 4238 amma
882 4185 1004 4240 natura
1023 4167 1211 4240 ἰιιιιιιιιᾱο
1230 4172 1309 4250 [ιο.
1327 4165 1361 4234 ia
