2922 4978
301 235 382 310 864
623 236 678 306 lle
698 235 880 308 suabium
900 232 1072 306 Nostrae.

303 418 503 498 notionibus
531 433 689 507 apparete
719 419 925 486 subtrahitur
953 431 1066 486 antem
1095 437 1155 504 per
1178 419 1308 484 raban
1324 422 1379 485 Do-
1430 437 1431 486 ὲ

262 522 266 535 ·
301 503 390 570 mini
408 502 572 568 -videlicet
592 525 631 567 ea
650 502 815 580 mutatio,
838 525 924 592 quae
942 505 1060 567 morbo
1080 503 1205 566 formae
1222 503 1379 588 superacci-

303 583 365 653 dit.
396 587 492 650 *Nam
513 586 620 651 veluti
637 586 741 652 faciet
762 591 925 674 quaedam
947 590 990 651 ad
1010 585 1120 650 aliena
1138 584 1207 671 ipsa
1224 607 1280 672 per
1295 585 1380 651 infor·

301 669 454 736 mitatem
478 669 836 736 determinatorem
856 666 1096 756 deprehendit,
1119 689 1184 756 qua
1198 668 1380 734 informitate

300 775 362 840 per
389 754 531 819 verbum
561 752 816 830 circumablata,
850 749 934 820 licut
959 752 997 818 in
1018 751 1187 829 Naaman,
1217 752 1270 815 seu
1288 751 1320 816 in
1337 753 1379 816 hit

301 835 361 923 qni
375 834 418 898 in
440 837 627 924 Evangelio
647 854 843 912 narrantur,
872 837 995 902 iterum
1017 839 1194 902 obscurata
1214 835 1269 900 snb
1288 833 1381 922 paffio
1430 884 1431 910 ,

300 941 346 984 ne
366 918 468 983 facies
489 943 550 1008 per
569 920 745 986 sanitatem
766 922 803 986 in
825 920 892 984 suia
914 919 1115 986 notionibua
1129 921 1264 984 relucet.
1295 919 1381 1004 Igitur
1430 951 1431 990 t

299 1002 338 1066 in
368 1001 595 1068 deiformitate
624 1005 756 1068 animae
788 1026 859 1088 non
892 1003 1043 1068 fluxibile
1067 1025 1129 1090 per
1150 1001 1381 1068 mutabilitatem
1430 991 1431 1077 l

301 1101 338 1151 et
364 1085 618 1152 transmutabile
649 1088 709 1164 est,
742 1089 801 1155 sed
852 1089 922 1152 uod
943 1103 1118 1172 permanet
1137 1085 1280 1151 similiter
1300 1105 1337 1148 ue
1353 1083 1381 1146 in
1430 1081 1431 1124 t

283 1169 548 1255 nollranatura
568 1171 687 1248 habet,
709 1171 777 1236 hoc
796 1111 964 1236 inieritur.
1005 1173 1049 1234 Et
1070 1170 1230 1256 quoniam
1244 1107 1321 1254 ipim
1334 1189 1381 1263 per

299 1251 447 1338 speciem
478 1253 682 1318 differentiae
713 1253 1001 1341 ipsaemutabilee
1023 1251 1248 1318 concretionie
1267 1252 1381 1338 qualite·

299 1351 350 1400 tea
371 1337 634 1413 transformant,
658 1338 831 1403 concretio
851 1359 932 1402 vero
953 1357 1024 1401 non
1047 1337 1110 1400 alia
1133 1337 1177 1401 est
1196 1350 1318 1421 praeter
1333 1334 1381 1396 ele·

298 1433 493 1484 mentorum
513 1419 711 1485 mixturam:
733 1425 899 1487 elementa
919 1435 1035 1510 autern¹
1054 1419 1198 1484 dicimue
1219 1417 1383 1481 unirertiu·

298 1501 597 1568 tie-constitutioni
620 1505 784 1584 subjecta,
808 1527 848 1568 ex
870 1503 994 1590 quibua
1015 1501 1117 1566 etiam
1138 1507 1381 1568 humanumcor·

297 1593 363 1672 pu'a
384 1587 526 1651 constatr
548 1587 727 1652 neceffario
750 1587 862 1674 speeie
883 1585 991 1674 veluti
1014 1585 1172 1672 descripti
1192 1583 1341 1672 signaculi
1353 1581 1381 1644 in

301 1668 415 1733 atrima
445 1687 683 1757 permanente,
726 1693 839 1758 neque
862 1671 1074 1736 reformanda
1103 1668 1140 1733 in
1171 1668 1329 1756 signaculo
1351 1665 1383 1728 ad

297 1753 441 1818 sormam
462 1755 501 1818 ab
525 1775 564 1818 ea
584 1753 745 1820 videlicet
768 1755 879 1820 anima
900 1753 1119 1840 ignorantur,
1141 1749 1257 1818 sedin
1277 1767 1382 1834 tempo·

297 1857 335 1900 re
365 1836 615 1902 reformationis
644 1838 701 1901 illa
728 1837 852 1904 iterum
874 1840 916 1902 ad
936 1838 970 1902 se
991 1836 1096 1923 ipsam
1115 1833 1274 1923 recipiet,
1306 1853 1383 1919 quae

297 1939 435 2016 cunque
465 1921 593 1984 formae
627 1921 810 1986 characteri
837 1943 896 1986 coa
923 1918 1017 1985 tabit.
1082 1917 1264 2006 coaptabit
1291 1930 1382 1980 auten

298 2022 441 2067 ommno
463 2002 520 2066 illa
542 2024 633 2089 quae
649 2007 689 2068 ab
711 2005 813 2069 initio
834 2004 871 2068 in
893 1945 1001 2068 iitrma
1022 2001 1279 2067 characterizata
1295 2001 1383 2062 suut.”

295 2083 442 2163 Videene
463 2083 479 2148 i‘
503 2085 570 2149 'tur
590 2107 690 2171 quam
710 2087 860 2152 similiter
881 2087 1009 2174 primae
1030 2085 1240 2151 conditionis
1259 2079 1384 2171 proprio

295 2181 400 2231 tate-m
421 2169 461 2230 ab
508 2168 538 2232 ie
563 2190 648 2253 quae
668 2170 881 2256 superaddita
902 2173 981 2234 sunt
1002 2166 1192 2234 discernit?
1224 2169 1384 2252 Quodcun-

296 2269 364 2336 que
391 2250 540 2327 enimin
563 2253 720 2318 humanit
742 2255 939 2352 corporibus
963 2252 1177 2318 immutabile
1194 2248 1382 2347 intelligitus,

294 2332 424 2418 primae
454 2334 662 2400 conditionis
695 2359 870 2425 proprium
900 2338 963 2411 est,
997 2336 1076 2420 quic
1100 2335 1162 2400 uid
1189 2355 1271 2399 vero
1298 2355 1330 2396 ru
1349 2349 1384 2392 eu

293 2415 458 2481 mutabile
491 2435 524 2481 et
554 2418 686 2484 varium
716 2421 919 2507 percipitur,
949 2420 1035 2482 illud
1063 2359 1107 2482 eit
1138 2420 1382 2510 superadiectutu

294 2515 454 2584 extraque
489 2518 644 2566 naturam
672 2504 895 2568 substitutum.
954 2500 1193 2567 Universaliter
1225 2515 1382 2566 autemut

293 2583 452 2647 omnibus
485 2585 682 2672 corporibus
711 2587 868 2652 humanis
891 2607 959 2668 una
981 2589 1166 2672 eademque
1188 2587 1294 2650 forma
1312 2601 1384 2645 com·

293 2665 408 2730 munia
430 2667 584 2732 omnium
604 2667 826 2756 intelligitur:
849 2686 883 2733 et
904 2670 970 2732 sem
998 2691 1033 2732 er
1050 2669 1087 2733 in
1105 2666 1384 2734 omnibueincont·

229 2749 234 2760 '
293 2749 502 2814 mutabiliter
530 2753 599 2816 stat.
651 2754 737 2817 Nam
763 2692 1025 2818 innumerabiles
1056 2752 1284 2828 differentiae,
1318 2765 1386 2844 quit

292 2831 403 2897 eidem
425 2834 551 2898 formae
573 2834 752 2911 accidunt,
779 2859 849 2900 non
876 2859 915 2900 ex
936 2835 1068 2915 ratione
1113 2835 1219 2900 rimae
1242 2836 1386 2900 condruc-

291 2914 365 2989 nie,
399 2917 464 2994 sed,
488 2939 530 2982 ex
549 2918 767 3003 qualitatibus
790 2918 1061 3005 corruptibilium
1084 2861 1253 2984 iiminutn
1274 2912 1387 2982 contin·

291 3013 388 3094 gunt.
431 3001 503 3084 lpsa
533 2999 543 3062 i
570 2999 639 3064 itur
669 3003 776 3067 forma
803 3002 985 3100 spiritualia
1013 3002 1187 3088 spirituale
1219 3021 1334 3087 corpur
1353 2994 1386 3058 est

290 3102 328 3143 m
346 3079 458 3178 prima
480 3023 679 3149 coniitione
701 3085 850 3152 hominia
871 3087 1016 3150 sactum:
1039 3089 1131 3172 quod
1153 3102 1266 3150 autem
1282 3099 1385 3147 exant-

291 3178 395 3236 terra,
418 3167 485 3230 hoc
506 3167 550 3229 eu
572 3189 610 3230 ex
631 3169 848 3254 qualitatibua
873 3185 907 3232 et
918 3167 1162 3255 quantitatibua
1184 3185 1326 3256 quatuor
1336 3166 1385 3228 ele·

179 3283 180 3288 κ
287 3262 482 3310 mentorum
512 3249 633 3314 mundi
661 3251 820 3317 sertfibilia
851 3273 928 3317 cum
958 3252 1028 3350 ipsa
1064 3254 1173 3317 forma
1195 3247 1383 3352 qualitativa

291 3331 335 3392 de
356 3351 422 3420 qua
444 3331 481 3394 in
503 3331 671 3418 prioribue
693 3333 787 3400 librie
811 3336 1075 3421 disputavimus,
1109 3358 1274 3423 quoniam
1294 3349 1326 3398 et
1343 3352 1386 3394 au·

289 3411 360 3498 geri
391 3429 425 3476 et
453 3415 564 3480 minui
590 3415 783 3504 patiuntur,
819 3419 861 3483 a'd
883 3420 1159 3506 compofitionem
1181 3411 1384 3506 superadjecti

289 3517 329 3560 ac
361 3498 468 3561 veluti
496 3499 655 3587 superflui
685 3502 835 3586 corporis
866 3502 1036 3588 pertinere
1063 3523 1136 3568 non
1166 3503 1309 3568 dubium
1336 3495 1385 3560 elit

288 3581 381 3664 quod
409 3601 531 3679 corpur
559 3582 732 3648 materiale
764 3601 799 3649 et
819 3585 964 3651 exterius
986 3586 1094 3652 veluti
1118 3589 1289 3672 quoddam
1309 3579 1385 3644 resti·

287 3679 442 3728 mentum
465 3664 635 3730 interioria
661 3682 695 3730 et
714 3669 876 3734 naturalia
893 3689 964 3734 non
982 3670 1171 3756 incongrue
1187 3667 1383 3754 intelligitur.

287 3745 450 3843 Moretur
470 3748 561 3812 enim
581 3771 642 3834 per
664 3765 815 3838 tempora
837 3768 872 3816 et
892 3768 1036 3830 aetatet,
1059 3769 1283 3850 augmentum
1301 3766 1331 3814 et
1342 3751 1383 3811 de·

286 3841 486 3894 trumentum
514 3830 566 3894 sni
613 3831 767 3912 atieudo,
796 3836 856 3901 illo
877 3837 1006 3926 semper
1025 3836 1182 3902 interiori
1203 3837 1244 3902 in
1264 3837 1322 3900 sue
1338 3831 1383 3894 stt·

286 3924 328 3974 tu
344 3856 670 3980 incommutabiliter
692 3937 861 3985 manente.

350 4000 399 4072 15.
434 3997 693 4096 sedquoniam
722 4020 757 4068 et
782 4004 869 4069 illud
902 4001 1046 4070 exteriua
1068 4025 1088 4068 a
1108 4008 1184 4070 Deo
1207 3993 1384 4095 factumtll

284 4087 322 4142 et
342 4075 615 4163 superadditum,
645 4083 783 4152 diu'nao
801 4085 965 4154 bonitatis
985 4110 1042 4154 ma
1088 4087 1187 4153 itudo
1210 4103 1247 4153 et
1265 4083 1383 4152 iulimu

285 4169 362 4248 erga
385 4161 499 4230 omnia
521 4185 608 4253 quae
628 4165 706 4233 sunt
725 4169 959 4257 providentia,
993 4193 1041 4239 no
1055 4171 1108 4238 uit
1129 4169 1242 4259 parire
1263 4165 1383 4262 penitu‘
