2930 4982
445 259 470 358 Ἰ
492 251 599 324 teter
621 245 781 366 Qttiotita.
1110 251 1189 329 ‘ido

58 435 115 504 “13.
138 435 337 520 Dionylium
357 439 594 526 ¹Areopagitam
619 442 656 506 in
680 427 792 528 primo
813 439 964 528 capitulo
985 443 1027 508 de
1047 444 1185 510 Divinis

71 514 295 612 Nominibua3
333 521 530 598 „Diximuo,
550 527 783 610 -a’nquitscum
804 527 936 590 Theolo
962 526 1030 591 ‘coa
1053 531 1186 603 charac-
1210 561 1213 571 ·

74 621 161 670 terea
184 603 415 692 expdsuimua,
437 628 544 672 unum
565 607 796 696 incognitum,
818 609 935 696 supere
962 610 1103 686 entiale,
1124 633 1187 697 per·

72 690 106 754 le
136 688 326 774 optimum,
362 685 455 775 'quod
484 689 621 778 quidem
655 693 716 768 οὓς
746 691 869 757 trinam
897 693 1063 758 unitatem
1094 696 1182 770 dico,

71 769 235 864 dutisseo'u'
253 791 287 835 et
316 769 534 864 ὁμοάγαθον,
565 789 677 862 neque
708 773 819 839 dicere
848 797 960 863 neque
994 775 1185 864 intelligere

71 855 227 943 poffibile
256 855 317 919 ert:
354 857 410 920 led
432 871 465 920 et
486 859 672 930 sanctarum
694 857 860 922 virtutum
883 858 1186 946 angelicae‘unita·

68 956 121 1004 tet
143 947 225 1026 quaa
246 937 312 1001 live
334 939 574 1025 speculativae,
594 942 671 1004 uve
693 941 888 1040 acceptivue'
903 959 1039 1028 oportet
1060 943 1182 1021 dicere,

71 1020 367 1118 superincognitae
388 1039 422 1086 et
442 1023 685 1110 superlucentia
702 1025 885 1101 bonitatis,
908 1040 942 1090 et
956 1031 1184 1094 arcanaesunt

70 1121 106 1170 et
126 1105 340 1190 incognttae3
362 1120 396 1169 ct
418 1107 494 1170 lolio
516 1106 591 1204 ipfie
610 1108 801 1182 lubfistunt,
847 1107 884 1172 ui
898 1108 996 1196 super
1009 1109 1183 1177 scientiam
1270 1132 1273 1141 ·

68 1188 256 1286 angelicam
281 1188 463 1274 dignantur
484 1190 550 1253 illie
574 1191 711 1276 angelis.
743 1189 805 1255 His
825 1130 1008 1259 deiformes
1031 1195 1183 1294 angelica
1258 1185 1269 1206 ‘

68 1287 202 1335 unitate
225 1286 390 1357 quantum
411 1273 492 1337 licet
513 1273 694 1337 coadunati
715 1273 856 1339 humani
878 1276 1001 1352 animi,
1035 1300 1114 1364 quta
1136 1280 1183 1343 se·

68 1357 221 1430 cundum
243 1359 380 1419 omnem
403 1354 666 1421 intellectualem
691 1359 922 1506 operatiogem
951 1361 1181 1446 requiescunt,
1272 1416 1274 1424 .
1355 1416 1358 1425 .

51 1439 143 1514 ¹talia
167 1453 278 1502 autem
301 1438 340 1501 fit
362 1438 594 1504 deificatorum
616 1440 805 1506 animorum
823 1465 841 1506 a
884 1443 1050 1513 summurn
1065 1447 1181 1510 lumen

65 1526 180 1586 Deum
209 1519 386 1598 videlicet,
420 1523 522 1587 unior
555 1524 696 1588 laudant
716 1525 826 1611 ipsum
845 1527 1011 1611 potiffimc
1031 1551 1091 1614 per
1113 1551 1184 1594 om·

66 1605 167 1669 nium
180 1615 276 1692 'quae
298 1606 377 1668 lunt
398 1605 613 1672 ablationem
657 1612 695 1671 ln
717 1611 784 1673 hoc
804 1622 882 1673 vere
900 1626 934 1674 et
952 1611 1199 1700 supernatura-f

65 1689 145 1752 liter
166 1687 349 1752 illuminati
371 1709 411 1752 ex
434 1689 616 1754 beatiffima
640 1713 718 1756 cum
741 1691 813 1778 ipio
834 1693 984 1770 unitate,
1008 1717 1093 1784 quae
1112 1717 1184 1762 om·
1213 1721 1217 1731 ’

65 1772 166 1836 nium
195 1770 333 1870 quidem
356 1773 399 1837 est
416 1795 505 1919 puae
527 1774 606 1838 sunt
626 1776 771 1848 causale,
808 1777 918 1862 ipsum
941 1794 1052 1844 autem
1074 1780 1181 1856 Nihil,
1257 1826 1260 1837 -

64 1871 106 1920 ut
128 1858 287 1920 omnibus
309 1877 395 1942 quae
431 1872 494 1921 unt
514 1857 827 1944 supereffentialiter
849 1864 1064 1928 exaltatum.”
1102 1864 1183 1930 Ani·

64 1940 240 2003 madverte
281 1941 470 2025 praefatum
505 1943 619 2006 theolo
643 1965 702 2007 um
736 1947 908 2030 quomodo
943 1944 1184 2012 incunctanter

13 2042 16 2062 ·
64 2025 235 2088 summum
257 2025 391 2098 lumen,
414 2029 525 2104 Deum
547 1965 724 2102 videlicet,
743 2027 802 2113 qui
822 2049 958 2096 omnem
972 2029 1184 2098 intellectuat«

65 2109 134 2171 lem
157 2122 192 2171 et
212 2105 412 2171 rationalem
432 2107 604 2172 illuminat
625 2126 808 2176 creaturam
831 2108 990 2188 nomine,
1024 2118 1115 2198 quod
1138 2114 1183 2178 est

63 2191 166 2262 nihil.
196 2188 353 2276 insinuat.
376 2193 442 2258 ,Et
471 2192 805 2270 subjecitrationem
839 2215 900 2258 cur
919 2195 1009 2260 nihil
1029 2211 1181 2270 vocatur,
1284 2265 1291 2276 ,

62 2279 145 2360 qnia
159 2287 160 2294 ’
173 2272 274 2364 [uper
302 2277 411 2339 omnio
441 2295 524 2359 qnae
542 2276 628 2364 sunt
646 2274 970 2371 supereffentioliter
1001 2281 1182 2344 exaltatur.
1281 2287 1282 2292 ’

62 2361 259 2425 Commune
279 2356 384 2456 igitur
406 2357 559 2422 omnium
582 2381 667 2446 quae
689 2357 887 2437 factasunt,
910 2361 1018 2424 veluti
1034 2365 1182 2450 quodam
1221 2362 1226 2377 ’

60 2441 346 2510 interitu·red1re
378 2437 415 2530 in
447 2443 579 2518 caulas,
611 2465 697 2530 quae
724 2443 761 2508 in
785 2448 859 2509 Deo
881 2444 1073 2530 subustunt3
1102 2449 1183 2510 Pi'o·

61 2527 180 2612 prium
207 2545 289 2589 vero
318 2523 556 2590 intellectualia
587 2542 622 2590 et
647 2525 820 2592 rationalia
853 2527 1054 2610 [ubstantiae¹
1072 2549 1182 2594 unum

61 2633 146 2674 cum
177 2613 251 2672 Deo
281 2608 409 2673 virtute
438 2609 749 2697 contemplationis,
783 2625 817 2673 et
845 2613 939 2673 Deua
960 2631 1020 2696 per
1041 2611 1183 2698 gratiam

61 2691 151 2758 fieri.
194 2695 236 2756 D.
269 2693 374 2755 Plane
405 2692 572 2838 perspicio
602 2714 674 2758 non
704 2693 796 2792 aliud
826 2693 889 2756 effe
910 2696 1039 2757 mundo
1053 2695 1181 2792 perire,

60 2795 168 2865 quam
195 2772 233 2840 in
263 2776 376 2840 causae
422 2797 479 2840 uae
505 2775 633 2850 redire,
671 2793 706 2841 ct
734 2799 771 2840 ιιι
795 2775 917 2840 melius
939 2791 1073 2843 mutan.
1116 2779 1184 2842 Sed

60 2857 147 2948 quia
178 2879 254 2944 paro
279 2858 439 2944 sensibilis
461 2859 582 2924 mundi
606 2859 750 2924 maxima
772 2859 816 2922 ell
837 2880 959 2954 corpur
980 2862 1179 2935 humanum,

59 2965 138 3009 non
169 2944 260 3006 mole
288 2941 346 3006 led
368 2941 533 3030 dignitate
554 2941 727 3026 rationalia
750 2941 899 3016 animae,
931 2964 996 3039 qua
1018 2942 1183 3008 fomaatur

59 3043 98 3092 et
129 3023 325 3089 vivificatur
355 3039 390 3088 et
424 3024 552 3110 regitur
573 3040 608 3088 et
628 3023 847 3104 continetur3
882 3027 924 3088 de
944 3025 1045 3111 rpliuo
1069 3024 1184 3090 reditu
1251 3025 1257 3043 ¹

56 3125 207 3175 tractare
229 3110 312 3173 ordo
328 3130 440 3171 rerum
457 3105 563 3194 exigit
579 3122 613 3170 et
627 3106 866 3194 disputationis
880 3105 996 3184 feriet,
1016 3107 1056 3175 ni
1072 3109 1181 3174 fallor.

128 3211 181 3257 ao.
213 3193 261 3255 Μ.
287 3193 325 3254 ln
347 3195 414 3256 hoc
435 3211 506 3254 non
528 3189 671 3266 fallerio;
709 3189 757 3254 ita
779 3189 870 3254 enim
890 3189 1014 3256 instant
1035 3191 1091 3258 via
1113 3214 1183 3261 car·

58 3279 178 3364 peuda
201 3275 254 3339 est.
297 3278 339 3338 D.
364 3277 544 3361 ingredere
561 3273 689 3360 itaque.
732 3275 780 3337 M.
813 3274 974 3340 Reditum
996 3276 1184 3342 secundum

57 3358 208 3425 humani
234 3356 384 3444 corporis
419 3367 523 3435 (nam
544 3357 682 3443 ‘primus
712 3356 750 3421 iu
780 3359 946 3424 clemente
966 3359 1089 3425 solutio
1110 3365 1184 3440 ejuo

59 3445 125 3524 ett)
146 3441 426 3508 resurrectionem
446 3439 549 3526 ipliua
573 3441 635 3505 elle
658 3439 885 3506 communiter
905 3442 1016 3508 omnia
1035 3444 1182 3508 Ecclefia

56 3530 201 3592 fatetur.
244 3529 286 3587 D.
324 3521 489 3589 Omnium
517 3523 655 3611 proprie
678 3540 838 3610 recteque
860 3526 1072 3591 credentium
1093 3547 1184 3590 com·
1275 3565 1277 3572 <

53 3609 179 3676 munic
209 3605 369 3675 confeffio
407 3607 479 3684 est,‘
510 3627 581 3672 non
611 3606 705 3673 aliud
733 3609 797 3680 effe
824 3609 972 3674 reditum
1003 3601 1183 3694 corporiam

54 3709 198 3782 praeter
222 3713 345 3756 eorum·
359 3689 657 3766 resurrectionem,
696 3706 730 3756 et
751 3713 791 3755 ex
812 3707 957 3778 quatuor
977 3691 1096 3756 mundi
1119 3693 1184 3756 ele·

53 3776 190 3844 mentio
219 3774 256 3842 iu
286 3797 352 3862 qua
387 3774 565 3840 solvuntur
585 3774 857 3850 revocationem
891 3778 1011 3840 Utrum
1033 3795 1113 3839 vero
1134 3795 1183 3839 re-

55 3857 228 3926 surrectio
248 3878 429 3945 corporum
450 3857 636 3922 secundum
696 3858 798 3923 atiam
820 3881 861 3921 an
886 3859 1068 3924 secundum
1086 3873 1183 3922 natu»

54 3967 155 4020 ram,
180 3937 222 4008 ιιι
246 3958 391 4028 utroque
413 3955 637 4006 concurrente
685 3956 719 4017 t,
742 3945 992 4030 quaerendum
1011 3965 1098 4013 nam
1113 3941 1183 4006 fere
1218 3967 1219 3970 ¹

52 4047 193 4118 paucos
216 4028 346 4090 dehoc
366 4040 547 4090 tractantes
577 4022 700 4110 reperi.
732 4106 740 4122 Ι
794 4039 795 4044 ’
1079 4037 1082 4044 ·

126 4127 187 4191 ιι3ι
214 4111 265 4174 Μ.
286 4109 366 4173 Νοιι
388 4129 452 4196 ego
473 4110 633 4173 recordor
652 4128 709 4172 me
729 4129 766 4171 ιιι
788 4083 920 4174 Latinio
943 4106 1116 4173 codicibus
1137 4109 1182 4170 lc-

54 4195 165 4285 gite,
201 4215 275 4258 non
300 4194 400 4280 'quod
425 4191 565 4300 fortaffit
601 4193 728 4258 dehac
749 4191 940 4280 quaestione
961 4207 1140 4259 tractatum
1163 4207 1183 4254 a

700 4313 740 4376 30
