2942 4976
405 265 408 272 -
465 187 891 316 dusiacum
958 233 965 258 ³
1079 177 1184 294 'ses

75 411 172 466 mrtem
198 411 350 466 innatare
376 421 464 463 rerum
491 409 709 464 subtantialiter
726 410 896 476 inveniatur,
917 404 973 464 'nee
990 407 1094 482 aliquisl
1111 409 1187 480 quoi

75 481 269 554 rempublicam
296 480 457 552 civilemque
480 495 568 533 rernm
594 483 713 534 omnium
741 479 790 534 dis·
804 479 948 533 ositionens
967 479 1117 550 perturbet.
1152 477 1187 532 tis

76 557 138 622 post
165 549 353 623 quadrifarium
380 551 538 613 universalis
562 559 674 603 naturae
701 497 834 602 theorfiun
860 551 891 602 'in
908 548 1055 622 praedietis
1071 557 1188 620 quatuor
1243 587 1249 594 .

5 669 6 672 ,
75 621 234 692 speciebus,
261 635 372 690 quarum
399 618 463 671 duas
490 619 598 690 quidem
623 620 655 671 in
681 618 773 672 elisiae
800 621 895 670 natura
923 626 1037 702 propter
1052 619 1186 670 rationein

76 690 208 760 printlpll
226 695 255 740 et
273 690 353 749 linis,
379 687 443 740 duas
460 689 490 740 in
507 697 603 741 ustura
622 687 752 750 coudlta,
766 687 767 692 ’
779 688 886 741 ratione
905 687 1033 740 videlicet
1052 700 1187 740 causarum

76 767 105 812 ct
121 762 266 810 effectuum
286 758 463 828 contemplati
482 773 587 826 rrimus3
611 760 696 811 slsum
716 765 756 811 est
773 757 853 810 nobis
872 747 1003 830 lpuasdam'
1018 756 1135 809 lbeorias
1153 755 1188 809 de

75 823 167 879 reditu
185 829 328 880 albanum
346 827 375 879 in
396 839 500 891 musas,
525 825 580 880 boc
597 833 638 880 est
655 828 684 880 in
702 827 836 890 rationes,
863 827 892 879 in
906 825 1188 898 'quibus‘subsistunt

75 896 246 965 subjungere.
296 896 378 962 Cujus
401 896 499 970 iterum
526 881 629 950 realistis
655 897 690 948 tri
713 897 755 948 lex
781 895 945 948 oecurrebet'
962 895 1065 949 modus.
1138 911 1188 948 uo-

75 977 134 1016 rum
168 967 277 1034 pertesus
311 964 421 1036 quidem
451 967 611 1037 generaliter
638 967 668 1018 in
692 910 1028 1018 fransmutstiorie'tosius
1052 965 1122 1016 sensi
1144 963 1190 1016 ilis

76 1040 232 1099 creaturae,
264 1049 333 1105 quae
368 1035 442 1098 intes
472 1035 550 1101 hujus
583 1033 677 1086 mundi
702 1035 834 1086 ambitum
862 1033 1034 1097 continetur,
1056 1031 1121 1100 ¹lasse
1147 1039 1189 1086 est
1293 1096 1298 1102 ‚

5 1167 7 1176 ‚
77 1104 198 1156 omulutn
226 1117 368 1174 corporum
404 1119 455 1156 seu
476 1089 597 1156 sensibus
625 1105 761 1174 corporeis
787 1103 1036 1167 succumbentium,
1069 1119 1116 1168 seu
1142 1111 1188 1156 eos
1289 1099 1292 1105 ’

74 1189 140 1244 prae
157 1173 242 1224 nimia
259 1175 300 1225 sui
318 1172 472 1226 subtilitate
490 1173 651 1244 fugientium
670 1167 890 1238 ebusidrriutur,
910 1173 947 1224 uu
961 1171 996 1224 'ut
1015 1173 1189 1225 nullumcor-

75 1259 126 1313 pus
150 1243 186 1294 sit
211 1243 282 1294 intra
302 1247 410 1294 textum
430 1257 573 1314 corporeae
591 1251 720 1304 naturae,
744 1243 802 1294 sire
820 1241 897 1302 siuti
916 1241 1189 1305 motuselummoslo,

6 1367 7 1370 ,
75 1327 123 1364 seu
142 1312 248 1364 occulte
266 1327 312 1364 seu
330 1319 423 1382 aperte
443 1321 613 1382 vegetatum,
631 1329 678 1368 seu
697 1311 878 1364 irrationabili
896 1314 983 1374 anima
1003 1327 1132 1382 corporeo
1173 1327 1188 1364 e

75 1397 155 1434 sensu
169 1381 303 1450 ¹pollens,
328 1380 402 1452 quosl
420 1399 477 1434 non
496 1383 524 1435 ln
542 1397 601 1434 sues
619 1395 709 1434 causas
728 1383 846 1450 occultus
864 1389 1030 1450 revertatur,
1060 1380 1096 1432 ad
1112 1382 1140 1432 ui
1164 1381 1189 1432 l-

75 1451 133 1502 lum
150 1449 223 1501 enim
241 1447 377 1518 redigetur
396 1453 425 1502 iu
443 1450 485 1504 bis
503 1467 571 1522 quae
588 1451 805 1504 substantialiter
820 1465 834 1501 a
856 1464 931 1512 eausa
950 1449 1070 1504 omnium
1088 1449 1190 1502 substia

75 1526 137 1572 tuta
162 1525 233 1572 runt.
269 1515 410 1570 Secundus
437 1535 499 1572 vero
518 1519 614 1573 metius
631 1537 694 1572 suae
711 1519 905 1590 speculationis
924 1517 1033 1572 obtinet
1051 1517 1140 1570 sedem
1158 1518 1188 1570 in

75 1587 167 1639 reditu
192 1588 312 1656 generali
330 1588 416 1639 tetius
435 1587 568 1642 hnmanae
585 1593 696 1641 baturae
715 1591 745 1642 in
765 1588 872 1641 Christo
890 1589 1024 1652 salvatae,
1049 1588 1078 1640 in
1096 1585 1190 1658 pristi-

76 1673 141 1708 num
159 1672 222 1708 suae
241 1655 412 1708 conditionis
430 1665 545 1721 statum,
564 1673 594 1708 ac
612 1659 696 1711 veluti
712 1659 741 1711 in
759 1657 896 1727 qneuslalb'
913 1648 1081 1727 paraclitum,
1099 1659 1128 1709 iu
1147 1655 1190 1708 sll-

74 1727 156 1778 rlnae
173 1726 298 1795 imaginis
316 1723 492 1794 dignitatem,
508 1729 607 1778 rnerlto
625 1729 721 1792 unius,
740 1725 815 1791 eujus
833 1730 940 1797 sangaris
953 1727 1131 1780 communiter
1173 1738 1189 1776 e

75 1796 165 1847 salute
183 1795 268 1848 totius
286 1793 463 1848 humanitatis
480 1797 552 1848 iosus
570 1804 627 1862 est;
655 1798 693 1848 lta
718 1797 845 1850 ut‘nemo
864 1795 1004 1848 hominum
1023 1795 1138 1846 naturali
1159 1805 1189 1846 us

75 1865 176 1926 bonis,
201 1865 232 1915 in
250 1863 349 1934 quibus
369 1864 494 1918 conditus
513 1873 573 1928 est,
602 1865 741 1938 privetur,
766 1866 822 1917 rive
839 1865 915 1918 bene*
930 1865 985 1917 sive
1003 1865 1073 1916 reale
1091 1865 1121 1915 in
1139 1853 1190 1914 hae

75 1933 134 1986 rita
151 1933 266 2001 rixeris,
296 1950 327 1984 ae
344 1934 383 1984 sie
402 1934 509 1988 ‹lisinae
527 1934 661 1988 bonitatis
679 1943 708 1986 et
725 1935 857 2004 largitatis
875 1932 1022 1987 ineffabilis
1039 1935 1067 1986 e't
1085 1935 1191 1985 iucom-

74 2002 270 2073 prehensibilis
288 2001 397 2056 diffusio
416 2005 446 2056 in
465 2021 571 2057 ornnem
590 2004 730 2057 humanam
750 2012 872 2068 naturam
891 2003 1051 2076 apparebit,
1078 2003 1141 2054 slurn
1159 2002 1188 2053 in

74 2073 154 2123 nullo
182 2073 314 2141 punitur,
344 2072 418 2144 quod
436 2090 452 2124 a
469 2089 572 2126 autumo
591 2074 665 2127 bono
684 2079 783 2126 manet.
821 2072 933 2124 Tertius
949 2072 983 2124 de
1001 2069 1091 2124 reslitu
1109 2069 1189 2123 theo·-

74 2142 133 2192 riae
150 2141 246 2192 modus
263 2149 383 2194 senatur
399 2143 430 2194 in
447 2141 507 2207 his,
525 2145 572 2218 qui
590 2161 646 2196 uon
664 2143 752 2195 solum
763 2143 799 2194 ·iu
817 2141 1013 2196 sublimitatem
1031 2147 1142 2194 naturae
1161 2140 1192 2192 iu
1226 2143 1229 2150 '

75 2211 117 2263 eis
143 2209 307 2262 substitutae
333 2213 486 2276 ascensuri,
512 2229 603 2265 reruni
627 2204 987 2282 etiarn‘pcrabuncluutinnr
1007 2211 1115 2264 divinae
1133 2223 1192 2282 grs-
1239 2212 1243 2220 '

74 2281 132 2331 tiae
144 2283 154 2340 ,'
169 2289 239 2346 quae
257 2295 305 2346 per
323 2279 458 2332 Christum
480 2289 508 2333 et
526 2284 555 2332 in
574 2280 687 2334 Christo·
700 2281 795 2332 electis
812 2281 865 2332 suis
886 2280 1024 2343 tradetur,
1042 2293 1120 2350 supra
1132 2295 1204 2348 oue,

73 2361 125 2400 nes
143 2353 255 2397 naturae
273 2345 344 2415 leges
362 2363 393 2398 ac
412 2351 541 2401 terminos
558 2350 820 2418 superessentialiter
836 2349 865 2402 iu
883 2347 970 2418 ipsum
989 2349 1075 2400 Deum
1093 2345 1193 2399 tra'nsl·

74 2415 133 2468 turi
152 2421 233 2476 sunt,
250 2419 389 2484 unumque
405 2415 435 2468 lu
454 2419 513 2487 ipso
533 2425 561 2468 et
579 2433 638 2469 enm
658 2419 716 2489 ipro
735 2417 828 2470 futuri.
866 2415 989 2488 Quorum
1007 2417 1126 2470 recursio
1141 2431 1192 2468 se·
1280 2477 1284 2485 Ι

74 2485 129 2537 luti
147 2489 210 2554 post
227 2479 357 2553 quosdam
375 2483 471 2554 gradus
487 2493 590 2554 reptem
609 2484 778 2537 discernitur.
823 2487 862 2540 ite
899 2487 986 2536 rimus
1004 2487 1058 2538 erit
1073 2485 1190 2536 muutlo

76 2551 182 2606 terreni
202 2551 320 2621 corporis
338 2554 369 2604 in
387 2559 491 2606 motum
508 2555 635 2608 sitalem:
654 2553 790 2608 secundus
807 2555 898 2608 riuus
914 2561 1003 2608 motus
1021 2553 1051 2606 in'
1069 2563 1195 2605 seurumz'

77 2623 179 2683 tersius
204 2637 295 2672 sensus
320 2622 517 2690 iurationem,
542 2621 644 2674 dehinc
668 2623 785 2676 rationis
801 2623 831 2675 ln
848 2625 982 2692 animum
1010 2625 1039 2675 ln
1057 2636 1111 2692 quo
1131 2623 1192 2673 linis

76 2693 165 2745 totius
183 2690 325 2752 rationalis
346 2699 481 2746 creaturae
500 2692 681 2746 constituitur.
718 2693 782 2746 Post
799 2691 868 2744 banc
885 2693 971 2746 ueluti
990 2695 1112 2764 quinque
1130 2705 1192 2761 par-

76 2761 150 2813 tium
167 2767 275 2813 nostrae
292 2765 403 2813 naturae
420 2761 631 2826 adunationem,
656 2762 776 2832 eorporis
794 2761 922 2813 videlieet
940 2762 1077 2814 etritalis
1094 2767 1193 2824 motus,

76 2833 226 2902 sensusque
243 2827 428 2902 rationisque,
447 2831 672 2902 intellectusque,
689 2833 741 2899 (ita
759 2838 788 2882 ut
806 2841 862 2883 uon
880 2831 1017 2916 quinque,
1043 2829 1090 2882 sed
1108 2841 1191 2880 unum

77 2899 153 2962 sint,
171 2899 345 2952 interioribus
363 2915 500 2970 sempera
518 2901 703 2972 superioribus
722 2908 927 2967 consummans,
945 2916 1002 2953 non
1021 2907 1117 2952 utnon
1126 2899 1191 2960 rint,

77 2967 128 3021 sed
155 2975 187 3019 ut
212 2985 296 3020 uuum
314 2961 413 3033 'sint;t
439 2977 589 3040 sequentur
615 2971 662 3022 alii
690 2975 743 3022 tres
760 2970 923 3022 ascensionis
941 2969 1061 3040 gradus,
1077 2980 1191 3038 quorum

78 3053 171 3099 unus,
198 3038 325 3090 transitus
350 3039 433 3091 animi
460 3041 489 3091 in
512 3041 653 3092 scientiam
680 3041 817 3102 omnium,
842 3051 910 3110 quae
929 3047 992 3110 post
1007 3039 1098 3090 Deum*
1114 3043 1192 3089 runt:

80 3104 220 3158 neander
242 3108 372 3160 scientiae
397 3109 427 3160 in
453 3107 630 3180 sapientiam,
655 3108 709 3162 boc
733 3115 773 3160 est
792 3115 898 3160 contem
921 3107 1051 3162 lationem
1069 3107 1192 3160 intimam

21 3191 24 3200 ·
77 3176 219 3237 ueritatis,
237 3184 367 3248 qnantum
387 3183 522 3230 creaturae
541 3177 716 3232 conceditur:
745 3177 845 3230 serrt'ur
862 3125 958 3252 qnfet
975 3193 1108 3240 summus,
1127 3191 1192 3244 pur·
1227 3229 1230 3236 ,

79 3245 278 3316 gratissimorum
305 3247 454 3299 animorum
481 3249 509 3300 in
534 3249 621 3318 ipsum
648 3249 733 3300 Deusn
752 3243 993 3318 supernaturaliter
1011 3261 1134 3307 occasus,
1162 3259 1193 3295 ac

79 3315 169 3366 setosi
197 3315 481 3386 incomprehensibilis
507 3323 535 3368 et
562 3317 755 3370 inaccessibilis
781 3317 849 3370 lucis
875 3317 1020 3379 tenebrae,
1045 3313 1193 3386 inquibus
1247 3333 1248 3336 ¹
1330 3341 1333 3348 ·

82 3397 178 3436 musae
204 3386 324 3436 omnium
351 3385 569 3439 absconduntur:
595 3397 624 3440 et
649 3395 714 3440 tune
741 3403 795 3439 noa
820 3387 890 3438 sieut
908 3385 965 3438 dies
982 3383 1193 3444 illuminabitur,

80 3451 137 3505 boc
162 3460 204 3504 ess
229 3453 404 3506 secretissima
421 3457 546 3522 mysteria
565 3453 653 3510 beatis
672 3465 700 3509 et
717 3455 877 3508 illuminatis
894 3451 1081 3508 intellectibus
1099 3453 1193 3504 inelin-

79 3517 134 3573 bili
160 3521 278 3591 quoslam
303 3521 387 3576 modo
404 3523 566 3594 aperientur.
604 3525 683 3578 'lunc
699 3523 855 3596 perficietur
874 3525 1007 3594 octonarii
1025 3523 1129 3576 numeri
1148 3521 1194 3574 r'e·

81 3591 136 3642 luti
162 3593 371 3660 supernaturalis
397 3593 460 3644 cubi
487 3593 682 3664 perfectissima
708 3589 848 3656 solitlitus,
877 3591 906 3646 ln
928 3593 1002 3660 eujus
1019 3599 1086 3662 typo
1105 3599 1195 3644 sextus

79 3659 212 3712 uiolatae
237 3659 372 3726 Psalmus,
397 3659 526 3714 hulmus
552 3661 650 3716 Dem'd
672 3676 725 3734 per
752 3657 1067 3736 eeruouj'ltesurreetlo
1085 3673 1194 3744 quoque

80 3728 196 3782 Domini
221 3743 290 3782 non
306 3730 387 3782 sliam
406 3727 442 3784 ob
462 3747 565 3786 causam
584 3741 678 3787 octava
696 3729 741 3785 lle
757 3731 828 3786 laets
847 3739 905 3797 est,
930 3732 983 3786 ussi
1001 3737 1033 3796 ut
1045 3729 1130 3782 ¹beuta
1146 3729 1195 3782 ulls

80 3797 157 3859 sits,
176 3810 245 3870 quse
261 3807 325 3870 post
343 3799 528 3872 septenariam
547 3801 626 3870 hujus
642 3803 716 3856 sitae
732 3811 782 3874 per
798 3799 979 3874 septem‘dies
996 3798 1194 3855 revolutionem

22 3913 24 3918 .
82 3873 126 3918 est
142 3867 231 3920 lutura
248 3875 312 3940 post
328 3869 423 3923 mundi
441 3873 718 3935 consummationem,
736 3873 849 3940 mystice
867 3871 1080 3942 significaretur,
1106 3885 1193 3942 quam

83 3933 121 3988 do
140 3932 254 3990 bumana
274 3946 386 4004 natura,
416 3941 660 4012 ut‘praediximns,
684 3943 715 3994 in
737 3958 813 3994 suum
831 3941 996 4012 principium
1015 3957 1065 4010 per
1080 3947 1193 3992 octonu-

83 4005 151 4086 riam
177 4007 361 4062 acessionem
383 4009 573 4079 radicareris,
599 4011 750 4083 quinariam
767 4010 895 4082 quidem,
923 4011 995 4062 intra
1012 4016 1122 4062 naturae
1139 4015 1195 4076 ter-
1237 4022 1241 4031 ¹

83 4089 189 4140 minos,
215 4078 358 4132 semensas
376 4095 457 4144 vero,
481 4081 723 4150 supernaturaliter
739 4086 769 4134 et
785 4079 1046 4149 superessentialiter
1062 4081 1134 4132 intra
1150 4078 1194 4148 ip-

84 4159 142 4196 sum
168 4142 271 4214 Deum3
302 4147 413 4217 quando
437 4149 580 4225 quiuauus
603 4156 739 4213 crestme
764 4163 904 4214 numerus,
929 4148 1049 4201 ternario
1067 4145 1194 4202 aratoris
