2854 4978
456 217 740 306 marcos.
925 300 929 306 ,
1074 200 1232 297 tes'

73 405 218 486 omniun,
238 405 277 478 so
297 407 401 480 verbo
421 402 582 472 videlieet
604 407 659 474 del
681 405 858 498 ingcnlto,
884 390 1081 480 subulcus
1100 406 1152 474 ln·

71 492 262 579 seliguntur,
284 512 393 558 ustum
413 489 566 578 simplex,
590 507 690 580 etque
711 489 929 558 indiuiduum
943 493 1032 558 sunt.
1059 495 1152 564 Dum

69 597 133 642 tero
152 573 187 645 in
207 573 347 642 effectus
367 575 444 643 suos
457 575 493 646 in
509 573 684 642 infinitum
696 573 1151 664 multiplicatosproeedunt,

68 659 258 726 numerosam
278 657 534 745 ordinatamque
553 659 604 723 sui
625 660 850 746 pluralitatem
871 659 1059 758 recipiunt,
1081 681 1152 726 non

84 743 131 806 nia
149 743 241 818 causa
265 743 419 810 omniurn
441 745 524 808 ordo
545 765 616 808 non
638 744 693 820 lit,
722 745 777 808 vel
798 741 988 822 ordinatio,
1016 745 1073 812 vel
1093 750 1154 832 per‘

64 765 184 913 ieipsam
206 825 374 894 ordinatio
397 827 433 892 in
456 825 634 924 principiis
646 849 759 893 rerum
771 849 842 892 non
853 842 1061 906 numeretur,
1075 849 1155 894 cum

66 931 152 976 omne
178 910 372 987 ordinatum
392 910 653 998 participatione
674 912 776 1000 ipsius
796 911 843 976 stt,
857 908 1069 986 ordinatumt
1097 913 1155 978 sed

65 992 130 1080 quia
157 994 269 1062 omnis
297 999 380 1062 ordo
409 996 446 1060 in
467 995 595 1062 summa
615 995 770 1072 omnium
789 997 907 1071 causa,
939 1012 975 1062 et
993 995 1032 1062 io
1052 993 1066 1060 i
1092 995 1155 1067 stus

63 1077 156 1176 primu
174 1077 435 1166 participatione
456 1102 545 1144 unus
568 1101 607 1146 ao
627 1079 764 1166 simplex
784 1078 847 1156 eli,
870 1078 1042 1168 nullisque
1063 1018 1156 1144 diffe-

62 1176 164 1224 rentur
193 1163 415 1239 discernitur„
445 1163 506 1228 ubi
528 1184 645 1234 omnes
666 1163 802 1230 ordines
825 1186 843 1230 a
863 1163 976 1252 seipsis
994 1184 1067 1230 non
1090 1161 1156 1228 din

59 1261 209 1394 silisis
230 1247 410 1396 iiiiii}
427 1269 535 1397 'ills
553 1247 1023 1398 lssltl²ll3¹‘0fll‘n²¹ts⁶
1040 1269 1156 1396 {12¹2ss

62 1411 185 1480 dialinm
223 1355 407 1481 causationi--
431 1420 525 1495 juxta
552 1357 816 1503 conteinplsintis
846 1353 953 1483 enimi
981 1354 1156 1481 rriitrium
1254 1389 1258 1408 i

58 1495 275 1573 constituitur,
308 1497 345 1564 in
367 1515 533 1585 quantum
555 1523 668 1576 earum
691 1499 845 1588 cognitio
867 1503 910 1568 de
931 1497 1059 1564 divinis
1079 1519 1155 1564 cuu-
1270 1521 1275 1526 ·

59 1577 90 1640 lit
116 1579 368 1666 disputantibus
396 1585 513 1649 datur:
544 1583 627 1661 licet
648 1583 739 1650 enim
757 1583 821 1672 pie
842 1605 881 1650 ac
902 1604 988 1670 pure
1006 1580 1156 1648 Philolo-

56 1662 226 1745 phanu'bus
248 1667 289 1728 ab
312 1687 514 1764 unaquaque
538 1691 672 1743 earum,
694 1684 798 1816 prout
817 1669 905 1743 vult,
926 1665 1109 1766 inchoare..
1122 1669 1167 1728 ct*

57 1765 106 1828 per
133 1765 281 1812 caeteras
312 1765 438 1815 mentre
460 1755 616 1829 oculum,
641 1776 697 1838 ¹qu
733 1751 777 1815 est
794 1766 1002 1826 venratio,
1036 1751 1157 1815 ordtns

56 1832 184 1912 quodum
214 1833 516 1919 contemplationis
538 1839 760 1910 convolvere,
794 1855 912 1904 omnes
937 1851 1174 1920 quoscunque.
1276 1875 1280 1884 ,

55 1915 146 2056 potest
174 1915 392 2002 percipiens,
433 1933 468 1984 et
499 1918 795 2007 io·qualicunquc
826 1941 941 1984 esrum
971 1916 1156 1982 terminum
1231 1935 1236 1948 ’

67 2017 119 2062 nac
146 1998 301 2074 theoriae
330 2001 541 2067 constituere.
588 2003 684 2068 Sicut
711 2025 775 2070 nec
802 1999 1007 2071 intentionis
1028 1999 1157 2066 nostrae

54 2079 176 2179 homilis
207 2083 379 2169 capacitas
413 2109 453 2150 ex
482 2087 638 2155 bonitate
668 2085 939 2172 primordialium
972 2085 1155 2157 cansarum,
1189 2161 1191 2165 ι

55 2165 151 2228 veluti
182 2171 336 2254 quodam
371 2169 491 2234 ordine
521 2171 794 2246 constitutarum,
833 2189 1014 2236 numerum
1042 2165 1157 2252 eoepit
1229 2225 1233 2233 ,

53 2265 258 2335 computare,
292 2267 335 2324 et⁴
354 2248 392 2316 in
429 2274 468 2316 ea
511 2277 574 2322 uae
598 2255 722 2319 dicitur
745 2252 967 2340 perseipsum
990 2248 1158 2339 perfectio

56 2333 147 2396 veluti
176 2333 465 2420 quintodecimo
488 2277 576 2402 ioco.
601 2338 779 2406 constituta
802 2336 906 2404 linem
928 2355 1022 2402 exem
1046 2337 1081 2402 lo
1103 2336 1158 2400 de·

54 2413 110 2511 dit,
144 2417 313 2504 quonism
342 2419 488 2505 exempli
518 2420 624 2507 gratis
653 2425 711 2486 has
733 2420 940 2508 principales
959 2442 998 2494 cs
1038 2441 1074 2492 ss
1095 2438 1157 2505 pro

44 2493 165 2568 ¹v1tibus
187 2501 399 2572 intentionis
421 2505 498 2568 suae
521 2505 644 2591 elegit,
676 2521 710 2570 et
729 2521 770 2570 nt
791 2505 824 2570 ei
843 2505 955 2570 risum
975 2505 1038 2581 est,
1070 2499 1158 2568 ordi·

52 2585 151 2664 uatit;
181 2608 259 2652 non
289 2589 381 2673 qnod
413 2586 460 2650 ita
481 2604 601 2652 natura
622 2590 686 2652 sint
706 2588 924 2663 constitutae,
957 2586 1019 2652 ubi
1043 2583 1158 2665 omnia

53 2689 145 2734 unum
165 2672 268 2745 sunt,
298 2686 334 2739 et
353 2670 447 2734 simul
470 2672 719 2757 ctsslimpliciter
740 2673 835 2736 sunt:
865 2671 924 2736 sed
945 2673 1039 2768 quod
1082 2687 1158 2734 use·

50 2755 189 2823 tentibus
213 2765 293 2828 eas,
328 2756 437 2840 deque
459 2755 506 2818 eis
528 2755 689 2840 quiddam
712 2752 857 2841 exempli
878 2769 985 2841 grette
1008 2693 1159 2840 proqserre

49 2837 255 2920 volentibus,
279 2839 325 2904 stc
343 2841 399 2902 vel
419 2839 463 2902 stc
485 2854 518 2903 et
539 2838 793 2925 multipliciter,
816 2852 851 2900 et
867 2835 1016 2912 infinite,
1039 2833 1158 2904 divino

48 2923 130 2988 radio
161 2921 385 2988 illuminante
417 2921 454 2985 in
485 2921 700 3008 theophaniis
731 2921 798 2986 suis
829 2919 960 2987 soleant
988 2937 1157 3006 apparere.

47 3005 85 3068 Et
111 3024 150 3072 ut
178 3012 252 3074 hoc
281 3008 436 3092 exemplo
467 3027 579 3071 rerum
608 3005 813 3072 sensibilium
834 3000 957 3071 clarius
979 3003 1157 3078 elucescat,

48 3107 191 3158 centrum
225 3105 260 3154 ct
288 3090 579 3178 circumscriptum
602 3089 633 3154 ei
655 3087 1028 3176 circulum‘diligenter
1047 3085 1159 3152 intue-

46 3191 95 3248 te,
119 3191 302 3259 rectasque
330 3173 435 3241 lineas
466 3197 485 3238 a
506 3191 623 3240 centro
644 3174 839 3248 inchoatas.
872 3189 908 3236 et
929 3174 972 3238 cd
992 3170 1158 3238 circulum

46 3275 184 3340 portatas
214 3257 336 3346 ibique
362 3256 568 3324 terminatae.
610 3262 666 3324 D„
689 3259 800 3356 Saepe.
820 3259 888 3324 hoo
910 3253 1021 3342 aspexi
1042 3255 1100 3320 seu
1120 3251 1157 3318 in

47 3340 150 3410 animo
173 3365 242 3431 per
262 3343 468 3428 phantasiam
489 3341 652 3419 interius,
674 3342 732 3406 seu
753 3352 791 3406 ιιι·
812 3341 920 3429 figura
941 3323 1072 3404 vilibiii'
1087 3356 1158 3405 cor·

45 3443 209 3515 potesque
234 3426 380 3494 sensibus
404 3425 548 3491 exterius
570 3426 728 3505 subjecta.
773 3425 823 3493 Μ.
853 3425 932 3492 Non
953 3421 1102 3488 intuitus
1123 3439 1159 3484 es

47 3515 213 3594 quomodo
237 3532 358 3576 omnes
379 3509 489 3574 lineae
510 3508 546 3576 in
570 3525 687 3574 centro
710 3513 922 3583 adunantur,
952 3521 987 3571 et
1006 3506 1101 3570 nulla
1121 3501 1160 3570 il-

44 3591 140 3662 lerum
164 3599 208 3662 ab
234 3591 309 3658 aliis
332 3591 477 3660 discerni
501 3591 614 3680 poffit,
638 3593 801 3658 nimirum
825 3589 905 3678 quia
927 3609 1045 3656 umore
1064 3585 1103 3650 in
1118 3606 1159 3685 eq

47 3695 145 3746 unum
169 3681 311 3746 suntet
331 3679 427 3744 nullo
449 3679 553 3744 modo
576 3699 594 3742 a
614 3675 725 3762 seipse
748 3675 960 3760 discrepent,
982 3671 1092 3736 its'ut
1109 3689 1160 3734 rt-

46 3759 253 3830 tionahiliter
280 3782 352 3828 non
382 3765 540 3840 iunctura
567 3760 733 3826 linearum
761 3759 799 3824 in
828 3779 955 3832 mum,
989 3755 1049 3822 scd
1069 3753 1158 3828 tone

48 3859 136 3932 utque
155 3843 378 3933 Principium
399 3847 534 3933 simplex
556 3859 591 3910 ct
611 3843 850 3918 individuum,
873 3862 916 3908 cr
934 3859 1003 3927 quo
1019 3839 1085 3906 sure
1100 3857 1159 3903 nt·

46 3931 214 4008 totaliter,
237 3931 304 3996 stre
326 3945 417 4006 arte,
439 3926 618 4016 mtsltipleu
633 3927 801 3994 linearum
815 3945 977 3994 numerus
990 3919 1158 4024 propedit.

47 4031 199 4084 tenu‘um
222 4013 423 4090 definiaturr
445 4013 490 4080 est
510 4012 602 4080 enim
622 4010 810 4078 universale
831 4009 998 4076 linearum
1018 4021 1158 4104 tornum

46 4091 167 4190 inquo
192 4115 317 4168 omnes
336 4121 447 4166 unum
465 4099 554 4164 sunt.
596 4099 747 4164 D.‘Hoc
765 4115 902 4184 quoqne
922 4092 960 4162 in
982 4103 1158 4180 geometri·
1219 4107 1221 4114 ’

45 4179 89 4248 eis
115 4181 315 4256 rationibus
341 4181 428 4252 milri
459 4181 659 4270 spertisl'unte
680 4181 828 4256 sursum,
857 4179 915 4247 led
935 4181 1020 4244 huet
1035 4170 1157 4242 omnis
