2912 4978
914 97 924 136 .

345 245 766 335 ualeamus.
974 203 1163 322 ‘aaa

98 437 126 506 rs
139 431 258 506 divinas
276 428 459 517 trinitatis,
488 455 576 524 quas
595 435 694 506 eausa
712 433 868 502 omnium
888 434 949 513 est,
978 427 1163 504 ‘l'hsoriam

97 523 286 597 menardum,
321 521 347 586 fi
374 519 438 587 tibi
481 541 545 586 uae
566 519 751 586 (letalibus
772 519 863 585 dicta
882 520 960 584 sunt
978 519 1163 588 sufficiunt.

95 610 125 670 ll.
137 604 304 670 Sufficiunt
322 605 412 670 sane.
485 651 494 668 .
515 609 556 670 ln
576 605 704 668 summa
724 603 771 668 ita
795 623 839 666 ue
860 623 899 668 ac
912 604 1071 691 singulari
1086 603 1164 670 uni·

91 690 228 754 versorum
248 687 363 766 cansa,
385 711 426 754 ex
445 709 512 775 qua
533 703 567 752 et
586 685 624 752 in
645 709 711 775 qua
732 626 865 752 etqsnnt
880 703 914 751 et
928 689 1068 776 condita
1084 687 1164 754 sunt
1271 719 1277 736 ·

27 811 28 814 =
91 772 170 837 totins
191 787 358 838 creaturae
377 771 564 860 principia,
594 773 662 836 hoc
685 769 746 848 est,
778 769 1011 856 primordiales
1033 773 1163 847 causas,

27 873 28 876 ’
87 855 333 922 confideranduin
353 856 512 931 arbitror,
534 869 649 920 umam
669 854 682 918 i
708 854 740 919 sa
762 856 843 920 dum
863 855 903 918 fit
925 854 1039 920 unitas
1057 871 1091 921 et
1106 855 1163 921 tri·

86 937 154 1002 nitas
171 939 296 1020 (divina
316 939 479 1027 siqnidem
499 937 634 1006 bonitas
656 879 705 1002 οἱ
907 1019 915 1036 .

85 1021 265 1099 substantiis,
287 1038 321 1086 et
343 1038 410 1089 tres
429 1022 628 1088 substantiae
647 1022 686 1087 in
707 1043 777 1086 una
801 1022 954 1097 essentia:
974 1023 1028 1085 vel
1046 1020 1165 1088 seeun-

27 1103 35 1128 ”
85 1107 147 1170 dom
165 1107 257 1172 asum
277 1099 449 1173 Romanae
469 1105 609 1194 linguae
627 1105 827 1181 dicendum,
849 1126 919 1168 una
935 1105 1113 1173 substantia
1126 1104 1165 1170 in

27 1193 29 1214 '
85 1187 170 1253 tribus
190 1189 356 1276 personia,
380 1207 414 1256 st
435 1207 502 1256 tres
523 1192 685 1277 personae
706 1189 742 1275 in
763 1210 833 1256 una
854 1188 1042 1267 substantia)
1063 1189 1100 1254 in
1117 1189 1167 1255 se·
1250 1207 1251 1213 ’

81 1268 136 1419 tlt
153 1271 1010 1444 ⁰ggs²⁸uffl³¹g¹gffidffieffifff²gssssgegj§gtffivlggff
1026 1273 1168 1422 {iiiii}

208 1403 218 1433 1

27 1521 28 1524 ¹
79 1434 229 1506 intrihus
256 1441 464 1520 substantiis,
494 1440 543 1505 ita
574 1383 675 1508 atiani
699 1462 769 1506 nna
800 1439 978 1506 essentialia
1004 1440 1112 1514 musa,
1127 1437 1166 1504 in

27 1527 29 1594 g
81 1520 167 1587 tn'bua
191 1524 439 1590 subsistentibus
468 1525 589 1602 σπῆι.
620 1541 654 1589 et
674 1542 741 1591 tres
761 1523 967 1590 subsistentes
990 1524 1108 1588 causae
1127 1521 1167 1588 in

27 1671 29 1704 p
79 1623 132 1668 ona
150 1605 310 1672 essentiali
331 1609 427 1673 causa
448 1611 655 1690 credendum
678 1608 744 1685 eli,
769 1622 805 1673 et
822 1607 1103 1697 intelligendum
1132 1618 1169 1669 et

27 1743 28 1754 ,
77 1687 208 1771 quidde
235 1691 435 1770 huiuamodi
462 1691 620 1758 Theoriia
642 1692 721 1758 sana
741 1691 809 1757 fide
830 1690 1051 1778 cogitandum
1071 1689 1112 1756 lit
1133 1701 1170 1754 et
1246 1737 1255 1762 .

76 1772 339 1854 praedicandum,
376 1797 449 1842 non
478 1775 709 1862 incongruum
737 1777 945 1842 orthodoxae
973 1774 1055 1840 fidei
1086 1794 1168 1841 eon·
1200 1819 1204 1826 -
1267 1759 1270 1790 ¹

75 1865 128 1916 tem
150 1856 336 1924 lationibus
357 1860 545 1946 explanare.
586 1863 629 1924 D.
662 1865 735 1926 lrno
756 1857 1110 1948 congruentissimum,
1133 1870 1169 1920 et

75 1880 208 2006 ideiium
236 1941 427 2008 animarum
454 1940 553 2007 saluti
578 1942 807 2008 necessarium.
848 1944 1015 2029 M.'Quid
1036 1935 1180 2031 igitur?-

73 2039 141 2086 nom
160 2025 324 2090 debemus
344 2029 411 2091 hoc
434 2027 477 2092 de
497 2026 595 2093 causa
615 2027 771 2092 omniurn
786 2043 821 2093 et
835 2027 988 2102 eredere,
1012 2041 1048 2092 et
1063 2045 1169 2114 quan·

72 2115 132 2168 tum
152 2108 268 2184 datur.
290 2108 499 2196 intelligere,
523 2125 557 2174 et
576 2109 790 2197 praedicare,
812 2125 848 2174 et
868 2109 1071 2176 essentialem
1091 2128 1170 2174 eau-

706 983 718 1014 ,
748 959 817 1002 una
840 937 976 1004 essentia
995 938 1033 1002 in
1055 937 1164 1004 tribua
1231 959 1235 963 ·
1275 967 1311 1027 χ

70 2183 125 2252 sam
143 2211 247 2257 unam
269 2190 307 2256 in
329 2193 436 2268 tribus
456 2193 723 2259 substantialibus
749 2195 864 2271 causis,
886 2209 922 2257 et
941 2208 1008 2258 tres
1025 2193 1170 2258 substan·
1302 2185 1313 2202 ³

70 2267 150 2370 tides·
169 2275 287 2373 musas
308 2273 347 2338 in
366 2297 435 2341 uns
456 2277 618 2342 essentiali
638 2275 763 2342 causas
797 2280 840 2341 D.
864 2275 959 2362 Quid
976 2276 1035 2341 hic
1054 2273 1170 2364 prohi-

90 2373 104 2414 e
140 2372 210 2422 ante
236 2383 249 2422 1
316 2372 352 2422 et
405 2380 460 2424 rae
499 2382 584 2437 can,
615 2383 687 2426 non
707 2382 756 2426 mr
782 2375 972 2426 roccurnt.
1040 2381 1169 2426 renam

68 2351 145 2503 n.
172 2360 290 2506 nr
380 2383 403 2456 ι
463 2359 497 2424 a
557 2359 565 2375 ·
937 2357 945 2376 ·
1016 2358 1051 2423 ⁵·
1121 2357 1130 2374 ·

72 2522 210 2594 ⁰1unium
232 2530 330 2603 Deus
350 2547 391 2590 eo
442 2526 600 2592 necatur?
635 2543 693 2593 aut
714 2527 738 2592 si
759 2529 852 2593 Deus
873 2528 987 2602 causa,
1017 2542 1052 2591 et
1072 2525 1171 2592 causa

67 2602 162 2684 Deus,
178 2606 318 2674 nonne'
330 2629 395 2674 con
413 2621 558 2707 equena,
578 2623 619 2673 nt
639 2625 674 2674 et
695 2631 816 2684 omne,
839 2612 932 2695 qnod
954 2612 997 2675 de
1007 2612 1083 2674 Deo
1097 2629 1170 2674 ore·

69 2687 133 2752 ders
158 2694 349 2770 debemus,
379 2693 531 2758 srmrliter
556 2693 626 2758 fine
656 2691 725 2757 nlla
754 2691 979 2778 discrepantia
1008 2696 1050 2759 de
1070 2691 1170 2757 eausa
1213 2763 1231 2782 θ

66 2789 124 2836 noo
150 2775 352 2842 dubitemus
375 2775 592 2862 intelligeres
622 2777 710 2840 Nam
738 2776 763 2840 fi
791 2797 900 2840 unum
921 2778 1033 2840 Deum
1053 2797 1115 2864 per
1135 2774 1171 2838 se

67 2855 251 2924 existentem
272 2858 311 2924 in
333 2856 441 2924 tribus
464 2857 652 2924 substantiis
676 2858 793 2946 perse
818 2859 1064 2924 subsistentibus
1085 2858 1170 2924 fides

66 2933 176 3004 fatetur
199 2940 390 3019 catholica;
413 2941 498 3029 quid
518 2941 639 3019 obstat,
661 2965 707 3006 ne
726 2941 878 3008 similiter
899 2939 1050 3008 dieamus
1065 2963 1170 3007 unam

64 3024 182 3115 causam
202 3049 270 3113 per
291 3027 325 3091 se
346 3025 540 3096 existentem
560 3022 599 3092 in
621 3024 730 3092 tribus
751 3027 854 3092 causis
874 3045 936 3112 per
957 3021 1170 3091 sesubsrsten·

65 3105 164 3183 obus,
198 3109 264 3196 pie
296 3124 332 3174 et
361 3112 558 3176 orthodoxe.
600 3109 709 3198 Igitur
730 3109 775 3174 est
793 3131 861 3174 una
882 3109 980 3196 causa
1000 3106 1038 3175 in
1062 3107 1171 3174 tribua

59 3191 162 3268 musra,
186 3207 226 3256 et
248 3208 318 3257 tres
338 3191 376 3258 in
397 3213 479 3258 una.
509 3195 634 3260 utam
656 3209 691 3259 et
710 3195 900 3260 concellum
920 3193 1021 3259 est‘et
1040 3196 1170 3258 datum.
1223 3216 1227 3223 ·

111 3289 162 3353 30.
196 3277 251 3340 M.
283 3276 387 3342 Nunc
415 3275 531 3364 itaque
552 3282 595 3347 ad
615 3277 839 3376 Theologiam
859 3279 1053 3377 pedestrium
1084 3285 1172 3374 qu'ae

60 3374 125 3502 3:1⁶
135 3380 247 3508 sirim
240 3380 317 3507 sus
318 3357 753 3510 stistmhtslltta
773 3377 1082 3511 ἓῖἓιέΐᾎῗὲἕὲὧι
1090 3378 1173 3530 ‘lsslff

61 3524 283 3603 mlationem3
306 3540 342 3590 et
361 3525 527 3592 dividitur
546 3527 584 3594 in
606 3531 689 3593 duas
704 3543 829 3616 partes,
850 3527 887 3592 in
902 3525 1169 3602 affirmationem,

61 3605 146 3686 dico,
169 3626 209 3674 et
230 3608 471 3696 negationem
493 3633 580 3698 quae
600 3613 727 3677 Graece
743 3613 931 3760 appellatur
946 3603 1173 3756 novusporrxlp

62 3702 88 3750 et
108 3691 302 3794 ι’ςποφᾳτικ
332 3738 351 3770 ,,
376 3717 519 3783 quarum
546 3716 616 3760 nna
631 3694 742 3796 primo
779 3695 849 3761 'bro
870 3693 920 3759 uli
941 3693 1076 3771 sumna,
1110 3693 1156 3758 ub

301 2462 456 2507 omnium
487 2442 549 2519 est,
582 2464 699 2510 nonne
729 2441 897 2530 sequitur,
932 2458 968 2509 et
997 2457 1039 2508 ut
1071 2443 1168 2507 eausa
1196 2494 1200 2520 ,

304 3689 315 3715 h

60 3791 144 3842 serus
164 3717 368 3844 rauoniius
390 3781 508 3848 desem
528 3795 711 3866 categonas
736 3777 919 3865 omniaque
937 3799 1051 3844 rerum
1072 3797 1173 3864 gene-

61 3871 89 3918 tt
111 3875 145 3924 st
173 3861 310 3927 formas
337 3883 567 3952 numerosque
595 3879 632 3928 et
658 3859 847 3928 accidentia
873 3863 915 3926 de
938 3865 1014 3928 Deo
1034 3857 1172 3950 propris

58 3943 241 4023 praedicari
272 3945 492 4032 negavimusr
526 3959 562 4013 et
589 3945 717 4026 iterum
739 3942 776 4010 in
797 3945 965 4032 praesenti
984 3946 1073 4012 libro
1095 3965 1172 4012 ean·
1253 4017 1256 4024 ,

60 4022 138 4126 deq,
165 4023 403 4120 ἂποφατικῆν
427 4029 527 4108 sico,
557 4029 643 4098 serie
663 4028 896 4118 quaestionum
915 4027 1090 4118 exigente,
1119 4046 1170 4091 re·

58 4111 261 4192 maiman
306 4115 388 4182 dum
418 4113 534 4182 Deum
559 4115 694 4180 nullum
720 4133 861 4190 eorum,
916 4134 980 4181 uae
1007 4113 1103 4188 sunt,
1135 4119 1171 4172 et
1251 4163 1256 4178 ,

58 4208 241 4276 Ιιῑιιιι-ιιιιιι
262 4193 361 4280 sant,
393 4193 432 4266 in
453 4197 513 4268 sua
533 4197 669 4268 mentia
687 4195 879 4288 intelligere
923 4196 932 4290 f
956 4195 967 4213 ⁰
1003 4215 1060 4274 m.
1089 4188 1169 4290 «μὴ
