2856 4978
440 225 736 376 relevantem.
886 313 893 326 ·
1064 271 1151 350 839
1252 223 1301 272 'f

56 451 182 522 omnino
202 453 390 524 extinctum
415 455 566 526 dixerim.
607 459 647 522 ln
669 429 868 544 supradixit
888 475 1025 546 quoque
1044 461 1144 528 ratio·

56 537 143 603 nibua
172 536 245 606 latia
276 539 367 606 iuter
398 561 460 606 noa
483 538 653 617 statuitur,
691 544 775 605 haec
797 543 864 606 duo
885 543 1053 608 humanae
1074 543 1145 610 ani·

53 642 117 686 mae
147 620 237 686 limul
259 638 293 687 et
314 623 578 712 inseparabiliter
599 645 638 689 ac
659 624 787 710 semper
808 622 909 690 inclle
929 623 1012 690 scire
1033 641 1067 692 ct
1087 647 1145 694 ne

54 701 138 772 leire-
176 705 245 770 Scit
274 707 365 772 enim
394 709 440 802 ie⁸
457 709 518 772 elie
546 707 782 772 rationabilem
811 722 845 770 et
879 706 1145 776 intellectualem

53 803 208 876 naturam3
232 791 339 856 nelcit
360 806 471 855 autem
494 787 576 878 quid
597 791 635 856 fit
658 791 720 855 elle
741 790 933 855 intellectua
956 807 989 856 ct
1010 791 1143 890 iplara·

52 868 102 934 tio.
141 874 186 934 M.
216 873 294 938 Non
323 897 392 940 eraa
431 893 508 960 ergo
530 870 724 960 priusquam
748 871 853 937 scires
866 875 921 937 vel
944 875 1088 940 nescirea
1111 889 1144 941 te
1240 901 1259 936 .·

53 948 127 1019 eliel
157 957 197 1020 D.
228 959 339 1030 Nom·
356 958 450 1022 limttl
474 956 565 1022 enirn
588 957 702 1043 accepi
724 956 786 1022 elle
809 971 842 1022 ct
863 977 903 1022 co
929 978 1066 1023 noacere
1087 981 1143 1024 me

51 1037 119 1115 elle,
150 1055 183 1102 et
217 1038 405 1128 intelligere
427 1063 482 1106 me
502 1041 657 1138 ignorare
679 1039 762 1126 quid
783 1040 865 1103 lum.
940 1041 1037 1106 ‚Dic
1054 1041 1144 1107 mihi

51 1125 170 1216 quando
199 1123 357 1188 notitiam
382 1124 431 1188 lui
452 1123 576 1210 accipit
597 1128 718 1188 homo:
751 1139 865 1188 utrum
886 1122 923 1188 in
945 1123 1003 1188 illa
1023 1123 1142 1208 condi·
1351 1199 1356 1210 ¹

50 1217 131 1278 hone
160 1203 196 1268 in
226 1228 291 1304 qua
320 1213 438 1272 ornnes
473 1205 985 1288 homineeguniuerlaliterfacti
1008 1207 1142 1272 suntin
1215 1269 1219 1278 ,
1260 1261 1262 1270 ,

50 1285 306 1372 primordialibus
333 1292 436 1356 causta
465 1305 543 1354 ante
565 1306 713 1376 tempora
739 1288 912 1354 secularia:
949 1312 991 1354 an
1013 1289 1050 1354 in
1073 1291 1143 1390 ipsa
1229 1339 1239 1360 .

48 1371 271 1452 generatione,
295 1395 360 1460 qua
381 1373 417 1437 in
441 1373 561 1437 ordine
583 1390 793 1460 temporum,
824 1375 898 1444 Deo
920 1372 980 1438 ioli
1003 1390 1142 1472 cognato
1241 1429 1244 1436 .

50 1467 78 1514 et
94 1456 333 1538 praedefinito,
356 1457 392 1520 in
415 1459 503 1520 harre
524 1456 628 1520 vitam
649 1455 813 1542 procedit.
857 1460 899 1520 D.
930 1460 968 1521 ln
990 1469 1143 1544 auraque

49 1550 81 1632 pt
100 1535 255 1604 arbitror:
279 1539 315 1604 in
337 1562 402 1604 una
429 1538 563 1638 quidem
587 1539 786 1626 generaliter
806 1537 842 1604 in
865 1539 967 1604 causae
986 1539 1141 1618 latenter,

48 1638 78 1680 tn
96 1621 190 1684 altera
210 1643 291 1687 vero
314 1623 502 1708 specialrter
522 1623 558 1686 in
582 1621 756 1686 effectibus
772 1622 953 1686 manifeste.
995 1623 1082 1688 Nam
1104 1621 1141 1688 in

49 1698 95 1764 illa
115 1703 329 1788 ⁴primordiali
359 1723 393 1770 et
421 1705 567 1792 generali
590 1705 695 1770 totius
715 1708 883 1770 humanae
902 1720 1041 1770 naturae
1062 1709 1142 1772 c'on·

49 1781 164 1852 ditione
189 1809 292 1854 nemo
323 1787 464 1874 seipsum
498 1787 899 1876 specialiter.c0gnoacit‚
933 1811 1044 1876 neque
1065 1809 1141 1876 pro·

47 1867 138 1952 priam
158 1871 316 1936 notitiam
340 1872 389 1934 lui
411 1873 534 1936 habelc
554 1870 695 1958 incipit:
716 1885 785 1935 una
807 1871 899 1936 enim
921 1887 955 1934 et
999 1871 1141 1939 eneralia

47 1951 181 2036 cognitio
204 1955 361 2020 omnium
385 1957 428 2019 est
448 1953 514 2028 ibi,
537 1955 664 2040 solique
685 1959 759 2018 Deo
781 1954 928 2042 cognita.
959 1959 969 2016 l
1001 1951 1031 2019 ‘c
1046 1977 1140 2022 nam·

47 2053 102 2176 que
121 2055 236 2104 omnea
259 2038 415 2104 hominea
439 2061 526 2102 unua
541 2039 635 2112 lunt,
657 2036 714 2102 ille
730 2037 885 2124 proiecto
901 2039 943 2102 ad
954 2037 1141 2125 imaginem

74 2115 99 2179 ei
126 2120 253 2196 factus,
284 2122 320 2185 in
353 2135 567 2208 quo'omnee
590 2119 691 2184 creati
713 2121 800 2184 lunt.
842 2123 889 2185 Ut
909 2119 1001 2187 enim
1023 2143 1141 2188 omnea

7 2207 8 2210 ’
47 2197 157 2266 formae
177 2208 232 2270 vel
256 2204 381 2291 species
404 2205 545 2292 quaein
567 2225 638 2270 uno
663 2225 786 2290 genere
807 2203 1047 2281 continentur,
1085 2209 1140 2272 ad·

45 2281 103 2380 hpc
121 2280 327 2354 differentiae
350 2303 383 2354 et
404 2287 624 2374 proprietates
647 2287 837 2352 intellectui
858 2290 913 2354 vel
934 2289 1045 2354 sensui
1056 2311 1141 2376 cog·

45 2381 123 2431 natae
150 2393 220 2436 non
256 2372 499 2445 succumbunt;
532 2371 588 2435 led
609 2369 716 2434 veluti
735 2373 901 2456 quaedam
921 2371 1034 2436 unitae
1056 2395 1142 2438 non·

46 2449 113 2516 (lum
143 2455 214 2521 divi
284 2451 436 2528 iubfillit,
470 2458 579 2518 donec
600 2474 821 2550 unaquaeque
843 2454 935 2519 [uam
981 2456 1140 2540 roprieta·

45 2543 101 2598 lem
121 2551 153 2600 et
174 2537 207 2603 d‘
238 2537 399 2602 erentiam
423 2537 459 2601 itt
481 2535 591 2623 specie
613 2536 791 2600 individua
812 2477 1073 2622 intelligiiittter
1084 2540 1139 2604 vel

44 2611 222 2686 lenfihssiter
245 2621 411 2707 accipiatt
432 2621 478 2690 ita
500 2619 733 2706 unusquisque
754 2618 791 2682 in
814 2619 1056 2684 communione
1078 2623 1139 2684 hu·

43 2719 146 2768 manae
177 2718 338 2778 naturae,
380 2725 445 2768 nec
472 2701 616 2789 seipsum
644 2723 708 2767 nec
737 2700 1030 2782 consubstantialea
1062 2703 1139 2769 iuoa
1300 2738 1310 2774 ι

42 2785 161 2926 propria
190 2787 392 2874 cognitione
423 2785 603 2861 diaeernit,
632 2786 828 2884 priusquam
858 2784 896 2850 in
927 2788 1141 2851 huncmun·
1184 2805 1186 2810 ·

63 2878 111 2931 um·
139 2870 206 2937 luia
225 2885 305 2936 ‘tem
333 2871 465 2943 oribua,
498 2875 590 2950 juxta
635 2871 705 2933 uod
726 2891 762 2934 rn
785 2867 929 2932 aeternio
949 2867 1140 2934 rationibua

41 2951 247 3020 constitutum
276 2977 294 3019 e
346 2954 549 3040 procellerit.
632 2999 639 3016 .
671 2953 783 3038 Quare
804 2973 839 3016 er
864 2953 1140 3040 o‚unuaquiaque

30 3053 110 3120 ¹naon
134 3053 173 3100 ut
201 3060 266 3124 per
292 3037 545 3124 generationem
572 3037 609 3102 in
631 3039 725 3118 hunc
745 2975 913 3100 muntium
933 3035 1139 3122 provenerit,

40 3135 99 3180 non
120 3119 265 3209 seipsum
286 3121 486 3208 cognoscit?
520 3125 562 3183 D.
593 3121 743 3186 Poenam
762 3118 1060 3205 praevaricationia
1081 3141 1139 3184 na·

39 3210 120 3265 turae
149 3203 186 3268 in
214 3209 284 3270 hoc
311 3202 511 3270 manifestari
540 3225 611 3268 nort
641 3220 766 3268 temere
797 3203 949 3269 dixerim.
998 3203 1139 3269 Nam'st

39 3281 129 3349 homo
158 3309 232 3354 non
254 3303 427 3375 peccaret,
463 3287 499 3352 in
523 3303 589 3352 tam
611 3287 815 3374 profundam
838 3286 922 3350 luii
972 3286 1139 3359 orantiam

38 3368 178 3447 profecto
194 3393 279 3438 nou
304 3375 456 3444 caderet;
484 3371 568 3436 licut
587 3393 698 3468 neque
719 3369 911 3468 ignominie
928 3393 981 3436 am
1003 3379 1162 3458 genera«

39 3445 155 3516 tionem
189 3476 231 3518 ex
261 3455 390 3541 duplici
416 3455 497 3518 sexu
518 3457 559 3520 ad
580 3455 833 3518 similitudmem
855 3451 1138 3519 irralionabilium

37 3529 223 3606 animalium
244 3559 316 3602 non
336 3551 589 3624 patereturt·ut
604 3541 808 3602 Graecorum
824 3535 1052 3622 sapientiffimi
1070 3555 1139 3598 cer·

37 3613 152 3682 iffinia
181 3619 374 3686 rationibus
403 3619 586 3694 affirmant;
614 3621 625 3682 i
648 3622 684 3684 ‚le
706 3620 868 3705 siquidem
890 3619 949 3706 qui
969 3620 1058 3704 solua
1080 3638 1139 3681 na·

38 3709 82 3762 ltu
102 3702 146 3766 att
167 3707 294 3790 abeque
315 3719 457 3791 peccato
479 3701 516 3768 in
535 3643 688 3778 mantio,
710 3697 894 3767 Red'cmtor
914 3701 980 3764 viz.
1002 3699 1135 3776 mundi,

36 3801 201 3870 nunquam
231 3788 332 3852 talem
355 3785 582 3875 ignorantiam
602 3785 770 3874 perpellue
793 3785 853 3862 ell,
884 3785 941 3849 led
963 3775 1137 3848 confestim

37 3877 71 3926 ut
89 3885 275 3956 conceptue
298 3886 332 3936 et
347 3887 451 3948 ,natue
474 3869 535 3946 est,
559 3885 592 3936 ct
611 3867 657 3932 lei
682 3871 754 3932 lum
777 3883 811 3932 et
829 3867 943 3932 omnia
955 3865 1134 3942 intellexit,

35 3961 65 4008 at
82 3952 209 4034 docere
227 3976 267 4019 ac
286 3955 381 4042 loqui
401 3954 534 4051 potuit,
571 3972 643 4018 non
658 3893 772 4016 iolum
792 3951 871 4039 quia
893 3949 1055 4050 sapientia
1075 3953 1159 4016 Pa·,

34 4028 86 4094 trit
105 4052 324 4125 erat,·quam
343 4037 431 4102 nih1l
451 4039 552 4112 latet,
572 4056 691 4100 verum
714 4034 815 4100 etiam
837 4034 914 4121 quia
933 4030 1136 4100 rncontami·

32 4130 137 4185 natam
166 4120 416 4186 humanitatem
437 4134 628 4206 acceperat3
657 4132 699 4183 ut
717 4117 821 4183 etiam
841 4126 995 4186 naturam
1039 4139 1135 4204 urga·
1177 4113 1183 4130 ⁹
1260 4155 1266 4174 ι

34 4214 97 4286 ret3
128 4223 204 4270 non
235 4204 316 4293 quia
343 4203 440 4271 aliam
460 4202 592 4291 accepit
613 4218 743 4290 praeter
764 4223 837 4268 eam
858 4223 959 4288 quam
980 4223 1016 4268 re
1045 4199 1142 4296 'tuias

645 4327 684 4388 aa
702 4304 724 4360 “·
