2922 4978
284 265 358 342 ers
527 237 530 246 ’
607 263 663 336 ua
683 247 866 336 muna
886 250 1060 344 uncas

284 453 400 556 capnt
426 448 512 516 lllud
541 449 622 516 dum
643 469 751 514 unum
771 459 929 550 putatur,
956 445 995 514 in
1015 441 1193 512 infinitum
1210 463 1389 512 nnmerum

179 587 181 600 .
255 575 258 581 ,
285 535 468 612 dividitur,
501 531 581 622 quia
610 531 806 598 universalis
839 528 966 595 malitia
997 528 1190 595 intantum
1213 527 1389 617 multiplex

284 623 344 698 cll,
364 633 406 684 ut
424 618 517 684 nulli
535 637 612 704 pars
631 614 733 704 ipsius
751 617 792 680 sit
813 635 853 678 ex
874 633 940 716 qua
957 615 1129 680 venenosa
1142 612 1305 682 vitiorum
1322 635 1390 700 ger·

281 705 378 776 mina
398 723 469 768 non
494 714 669 766 crescenti
692 703 778 785 q'uae
798 717 913 763 omnia
932 696 1056 764 mulier
1078 697 1135 763 illa
1157 699 1199 763 de
1220 719 1286 784 qua
1303 697 1390 762 Salo·

282 785 452 864 monuit,
474 785 655 866 mulierem
679 795 781 849 oriem
801 783 875 868 quis
895 783 1069 848 incenset?
1096 781 1205 846 virtus
1229 777 1389 846 videlicet

285 887 321 940 et
340 867 503 952 sapientis
522 867 559 933 iii
582 867 637 931 len
664 869 725 933 bus
746 864 898 938 fidelium
919 866 1146 953 perfectorum
1167 863 1388 964 comminuite

284 971 385 1046 quain
413 952 588 1020 mulierem
614 952 780 1054 propbeta
806 950 1083 1037 Psalmograpbus
1107 949 1306 1036 alloquitur,
1343 949 1390 1014 di·

172 1065 175 1074 ·
283 1059 386 1107 censi
417 1049 456 1102 tit
475 1027 671 1140 confregisti·
690 1033 1003 1117 capitc'drceons‘sa
1034 1035 1115 1097 dedi
1146 1035 1259 1098 inam
1287 1053 1392 1104 essens

281 1121 418 1210 populis
436 1123 644 1204 Aethiopum.
680 1118 730 1182 Pa
756 1115 805 1181 uli
826 1115 1032 1205 Aethiopum
1055 1117 1133 1182 sunt
1152 1114 1390 1204 multitudines

278 1205 439 1357 'gentium
466 1224 551 1294 quae
576 1200 616 1300 in
639 1141 806 1301 chrisum
826 1200 923 1299 sortis
945 1201 1116 1349 praefatae
1135 1197 1286 1266 mulieris
1309 1215 1393 1302 typo

281 1303 475 1470 silisis,
494 1284 1392 1455 stitit?”ttastttltiltttflzallisus?

284 1456 451 1525 tenebrosi
484 1469 584 1542 atque
606 1449 776 1517 humiliati
800 1452 1028 1519 translationis
1049 1451 1255 1540 proprietate
1277 1450 1394 1516 dicun·

284 1543 351 1608 turi
395 1542 569 1637 Quorum·
584 1533 732 1602 Theoria
771 1534 950 1623 gentilium
969 1535 1122 1637 'populis'
1151 1534 1395 1634 convenienter

284 1621 979 1808 istst?’istttitl‘ttlttlttgit'
992 1617 1396 1802 tumulti

282 1784 991 1958 ttillutit‘tttzsttlltttltl
1011 1787 1396 1969 illita‘ipiliiniii

257 1947 401 2047 ‘epatis
419 1954 638 2028 reficiuntur,
674 1973 756 2050 quas
784 1952 826 2016 de
859 1953 1027 2038 capitibus
1050 1956 1204 2022 draconis
1226 1950 1395 2027 contritis,

283 2045 352 2108 lioc
384 2041 428 2106 att
454 2036 560 2102 totius
589 2033 739 2100 malitiae
772 2035 1066 2103 numerositatibus
1103 2036 1246 2102 devictis
1279 2032 1397 2100 divina

282 2135 458 2216 praeparat
490 2117 663 2206 sapientis.
707 2122 759 2184 De
789 2121 856 2183 lioc
877 2122 1024 2185 dracone
1044 2119 1137 2188 idern
1157 2119 1324 2185 Psalmista
1347 2119 1396 2184 lo-

273 2208 418 2296 quitur:
448 2205 551 2270 draco
571 2201 634 2296 ifle
653 2225 747 2288 quem
758 2195 924 2295 formasti
943 2205 990 2268 ad
1010 2203 1209 2269 usandum
1229 2208 1270 2269 ei.
1314 2207 1398 2268 Dra·

283 2301 326 2358 ca
347 2290 423 2367 itte,
445 2285 575 2376 inquit,
598 2286 753 2353 diabolus
773 2287 926 2386 prosecta
941 2305 1132 2376 corpusque
1147 2288 1239 2352 illius
1260 2287 1396 2352 unirer·

284 2375 367 2449 sale.
396 2378 463 2440 boc
485 2371 529 2436 est
549 2368 654 2436 totius
675 2369 823 2437 malitiae
844 2369 1024 2456 plenitudo
1045 2371 1116 2458 ipse
1139 2372 1183 2436 est
1204 2393 1305 2460 quem
1327 2372 1395 2436 sor·

282 2457 391 2533 malti,
423 2471 464 2522 ut
485 2454 647 2520 illudatur
667 2453 699 2518 ei
720 2475 739 2519 a
761 2453 883 2519 sanctis
905 2454 990 2532 tuis,
1020 2455 1080 2543 qui
1101 2455 1203 2542 ipsius
1224 2453 1395 2554 pernicio-

243 2582 246 2593 ·
283 2541 324 2606 lis
344 2538 584 2625 fallacibusque
606 2535 922 2613 insidiisilludunt,
946 2541 1026 2604 dum
1049 2555 1135 2603 artes
1156 2538 1305 2603 malitiae
1320 2537 1396 2624 qui·

282 2624 347 2690 bus
367 2605 529 2690 bonitatis
550 2620 741 2688 munimina
761 2621 974 2686 machidatur
994 2622 1177 2698 dellmem,
1206 2621 1395 2722 patefactas

284 2710 492 2794 explodunt,
520 2693 716 2790 malleisque
738 2702 903 2770 virtutum
926 2703 1036 2791 princi
1057 2705 1095 2770 'ia
1115 2704 1290 2806 nequitiae
1311 2725 1399 2791 quae

160 2784 163 2801 ¹
283 2792 325 2856 ab
347 2812 388 2856 eo
408 2789 597 2879 pullulant,
627 2785 859 2874 confringunt.
902 2789 1008 2867 Cujus
1044 2803 1215 2856 ententiae
1237 2788 1399 2874 congruit

307 2877 378 2940 uod
406 2873 454 2939 sit
476 2873 609 2936 sanctus
628 2873 706 2934 lobi
735 2873 798 2936 liae
818 2870 868 2962 le
889 2875 1022 2937 initium
1033 2869 1194 2964 'figmenti‘
1213 2876 1289 2939 Des·
1307 2871 1398 2957 quad

273 2893 388 3052 jecit,
408 2969 451 3020 ist
469 2956 629 3020 illudam
647 2953 690 3017 ab
711 2955 840 3038 nigelia
860 2957 938 3042 ejus.
988 2958 1193 3022 curantem
1216 2958 1316 3022 draco
1338 2955 1398 3019 itta
1459 2969 1460 2986 ¹

283 3037 465 3129 spiritualis
485 3057 562 3104 cuni
585 3037 742 3103 omnibus
764 3040 923 3104 membris
945 3038 1011 3105 siais
1037 3061 1124 3128 quae
1143 3045 1215 3120 ejus
1231 3039 1398 3105 malitiam

179 3153 185 3172 ·
282 3127 485 3212 lequuntur,
506 3119 677 3187 'sonnatio
697 3119 763 3185 Dei
787 3123 842 3186 vel
863 3122 1064 3210 figmentum
1086 3123 1226 3198 dicitur,
1262 3125 1398 3188 duobus
1459 3161 1460 3164 =

282 3204 396 3273 madls
415 3203 561 3294 intelligi
582 3204 699 3292 potell.
727 3202 878 3270 Primum
903 3207 1059 3294 quidem,
1105 3207 1162 3273 uia
1183 3227 1302 3272 omnes
1318 3225 1399 3286 apo-

284 3291 383 3356 tine
415 3288 526 3375 angeli
561 3309 677 3354 omnes
702 3307 745 3351 ue
766 3288 921 3354 homines
943 3310 1060 3354 eorum
1082 3229 1257 3378 sequaces,
1295 3310 1401 3376 quaii-

283 3389 358 3439 tum
384 3369 583 3437 naturaliter
616 3310 805 3446 subibunt,
835 3376 952 3438 aDea
973 3371 1105 3438 conditi
1129 3374 1225 3445 sunt.
1258 3371 1402 3460 sigmen-

283 3471 358 3521 tum
395 3459 466 3536 ejua
501 3476 573 3520 uon
611 3453 802 3541 incongrue
841 3454 1065 3544 formatisque
1104 3457 1167 3520 elle
1200 3457 1400 3522 creduntur.

257 3539 420 3610 ‚Deinde
454 3539 546 3627 quod
579 3536 660 3602 talis
695 3537 878 3620 symbolica
908 3543 1010 3605 verba
1037 3539 1074 3604 in
1104 3539 1228 3604 talibus
1260 3538 1403 3603 divinae

283 3620 468 3710 scripturas
487 3617 663 3686 sententiis
686 3641 758 3686 non
779 3622 908 3709 semper
929 3637 1084 3688 naturam
1106 3626 1313 3688 daemonum
1333 3643 1404 3686 ma·

283 3707 463 3852 lortisiique
494 3701 673 3770 bominum
702 3703 741 3770 in
772 3727 837 3794 qua
859 3727 917 3773 eos
937 3706 1096 3773 conditor
1118 3705 1274 3772 omnium
1295 3707 1405 3771 bono-

284 3806 361 3854 ram
405 3785 577 3866 ubstituit.
614 3787 671 3854 scd
699 3807 740 3853 ea
768 3809 855 3877 quae
884 3790 1007 3855 merito
1027 3790 1206 3879 utriusque
1226 3804 1403 3854 creatum

247 3871 253 3897 ¹
284 3869 540 3938 inobedientiae
568 3871 605 3935 su
632 3869 781 3939 eraddita
810 3874 888 3938 lunt
919 3873 1075 3940 esseutiae
1095 3873 1134 3939 iu
1156 3872 1205 3938 eis
1226 3871 1403 3947 conditae,

284 3954 493 4044 fignificauta
531 3969 571 4020 at
599 3895 678 4022 iant
706 3960 847 4056 cerpora
879 3955 980 4024 aerea
1007 3959 1230 4032 daemonum,
1265 3969 1405 4036 terrena
1458 3961 1459 3966 ’

285 4057 423 4140 quoque
441 4037 664 4127 mortaliaque
682 4041 862 4106 bominum
881 4043 1031 4108 membra
1052 4062 1138 4130 quae
1158 4040 1404 4106 incunctante
1458 4059 1459 4079 ι

285 4141 324 4188 ui
344 4139 491 4209 poenam
537 4121 644 4190 eccati
665 4121 869 4212 simplicitati
889 4137 1031 4190 naturae
1053 4145 1073 4190 a
1095 4128 1170 4191 Dea
1197 4119 1404 4190 constitutas

288 4205 448 4286 admota
519 4206 735 4278 caedenda
763 4221 798 4274 et
817 4203 1039 4296 bitelliqsuda
1060 4208 1149 4277 suut·
1191 4205 1258 4274 Sed
1279 4219 1402 4273 utruiu
