2912 4978
270 261 325 334 ee
531 225 533 232 ’
595 257 1043 334 benemerentem.

271 445 374 514 eaeo·
394 443 539 534 duplicia
566 445 660 512 tem
682 445 879 514 neronem
898 443 937 510 tn
957 441 1202 532 ampliatorem
1222 447 1377 518 nomint·
1453 423 1454 434 '

270 546 428 598 revocate
459 530 537 618 quia
565 532 668 597 bomo
695 531 815 596 melior
845 529 889 595 est
918 549 1019 616 quam
1047 529 1153 594 sexue.
1202 533 1378 600 Mncutue

198 660 202 671 κ
272 615 433 716 figuidem
462 629 495 678 et
515 611 663 679 so'emina
683 636 755 680 non
776 615 855 679 sunt
874 612 1013 679 nomina
1033 629 1192 690 naturae,
1225 616 1282 680 sed
1302 639 1380 714 par·

271 698 405 765 titionis
436 703 506 778 ejus
535 719 597 784 per
627 695 965 784 praevaricationem
996 699 1099 762 bomo
1120 718 1200 763 vero
1222 699 1379 785 specialia

271 783 373 869 ipsine
403 797 542 846 naturae
571 781 753 868 appellatio
785 782 838 846 est.
882 783 931 845 An
965 779 1010 845 fic
1038 779 1129 846 arbit
1157 794 1319 847 terrerum
1344 797 1382 846 et

298 863 441 929 aradisue
469 862 506 928 in
535 883 637 929 unam
668 865 761 930 illam
782 880 920 940 terram,
937 885 1038 952 ¹quate
1059 865 1160 928 altera
1183 865 1308 952 species
1333 865 1382 928 esi

271 889 444 1012 lenfibilir·
461 963 630 1013 creaturae
656 947 693 1013 in
723 950 856 1014 coelum
886 963 920 1012 et
940 963 1061 1012 terram
1087 947 1211 1014 divisae
1233 947 1382 1036 applica·

270 1033 416 1106 buntur,
437 1046 478 1120 pt
496 1029 567 1118 ipsa
588 1047 674 1096 terra
692 1047 765 1097 non
786 1033 893 1097 solum
916 1031 1077 1096 varietate
1089 1029 1235 1120 partium
1252 1035 1378 1108 careat,

271 1115 327 1179 sed
351 1113 451 1179 etiam
472 1113 508 1178 in
538 1113 783 1213 firnplicitetem
803 1117 970 1202 quandem
989 1130 1129 1179 naturae
1149 1113 1378 1190 revocabitur,

271 1213 312 1262 ut
336 1199 413 1285 plue
442 1196 622 1284 spiritualia
651 1221 752 1286 quam
773 1197 953 1286 corporalia
975 1199 1037 1264 esse
1058 1201 1231 1276 credatur,
1269 1195 1380 1285 qualia

270 1281 384 1346 sutura
405 1282 485 1345 esset
504 1283 528 1346 li
545 1285 651 1347 borno
672 1305 743 1348 non
764 1281 946 1372 peccaret?
968 1283 1012 1345 Et
1031 1279 1259 1370 intelligamus
1281 1281 1378 1368 quod
1454 1297 1455 1368 j

271 1364 377 1448 dixit3
410 1385 476 1428 non
494 1361 711 1458 segregatam
740 1371 774 1431 in
794 1390 849 1443 eo,
881 1365 917 1431 id
939 1365 1001 1440 est,
1036 1363 1186 1431 homine.
1229 1367 1315 1430 Nam
1337 1363 1378 1428 in
1454 1369 1455 1394 ³

270 1447 410 1512 homine
431 1447 545 1513 omnia
568 1453 761 1514 adunantur
780 1450 965 1516 seeundum
985 1447 1131 1534 partium
1150 1450 1301 1526 suarum,
1325 1445 1380 1511 vi·

271 1529 413 1606 delicet,
438 1547 542 1595 terrae
567 1533 802 1598 differentiam.
835 1535 880 1597 Ut
900 1533 1184 1618 quemadmodum
1199 1534 1291 1596 nulla
1303 1552 1381 1678 par·
1454 1527 1455 1546 ¹

270 1612 357 1678 tium
380 1613 549 1679 diuersitas
571 1615 608 1680 in
629 1616 770 1682 homine
791 1615 869 1696 epit,
891 1614 1052 1702 quonjam
1070 1618 1164 1680 nulla
1178 1627 1300 1702 compo
1328 1613 1380 1678 tio
1453 1611 1455 1650 l

268 1695 308 1761 in
329 1717 370 1762 eo
391 1697 619 1783 permanebit,
641 1699 690 1764 ite
710 1701 812 1764 etiam
833 1715 964 1763 terrena
983 1714 1103 1764 natura
1123 1699 1184 1764 sthi
1204 1695 1381 1785 copulabi-

270 1795 341 1857 tur,
372 1797 412 1844 ut
442 1805 550 1848 unum
580 1784 618 1847 in
641 1805 681 1848 eo
703 1797 836 1850 etcum
861 1803 901 1846 eo
924 1783 986 1845 effe
1007 1781 1182 1847 videatur:
1213 1782 1260 1846 ait
1282 1779 1380 1845 enim
1454 1783 1455 1818 r

286 1866 328 1927 erl
354 1869 462 1948 magis
487 1882 744 1950 congregatam
775 1882 940 1953 quatenus
968 1867 1097 1930 nullam
1126 1865 1273 1954 partium
1304 1867 1380 1943 ejue
1452 1863 1455 1902 ²

174 1979 182 1997 ν
284 1951 546 2026 abductionem,
568 1953 634 2014 hoc
656 1952 717 2027 cll,
741 1949 982 2048 separationem
1002 1949 1159 2036 patiatur.
1203 1947 1267 2013 Ubi
1280 1945 1381 2093 tpuip·
1454 1947 1455 1984 l

294 2054 410 2098 evera
433 2034 477 2100 eli
495 2033 706 2119 simplicitas,
729 2032 778 2098 ibt
799 2033 926 2098 nullius
940 2032 1193 2108 subductionis,
1215 2032 1293 2094 vide
1309 2031 1381 2095 icet
1452 2033 1455 2070 ³

268 2054 528 2206 segregationis,
549 2117 717 2202 reperitur
737 2117 903 2195 varietaa;
925 2115 982 2180 eui
1002 2115 1112 2180 sensui
1134 2117 1166 2180 se
1189 2114 1305 2179 uentia
1329 2111 1380 2176 fa·
1452 2119 1455 2152 ³

267 2220 347 2344 :2:25
366 2139 1381 2379 zellae*‘²:2¹²‘tlrltlitttltttntlltlt:
1453 2209 1455 2218 ’

267 2377 355 2439 tum,
376 2305 533 2451 quantgtem
552 2305 734 2432 hlmiuiblts
752 2309 901 2460 poffiblle
913 2363 977 2455 est,
989 2364 1256 2458 fimilituelinept,
1277 2387 1379 2428 unam

259 2442 383 2540 facere
414 2463 449 2514 et
478 2445 727 2554 inseparabilem
757 2475 857 2538 usque
877 2475 900 2515 a
909 2451 1029 2545 seipsa
1034 2448 1227 2600 senstbilem
1248 2463 1378 2513 creatu-

268 2553 356 2608 ram,
384 2557 448 2601 nott
493 2549 665 2599 caratam
699 2542 741 2599 ιη’
762 2559 818 2611 co,
845 2535 1007 2602 videlicet
1059 2534 1190 2612 omine3
1224 2533 1380 2600 localiter

483 2559 633 2712 fictiia,
666 2619 733 2685 levi
755 2620 860 2708 ¹sacto
886 2617 1013 2714 spiritu
1042 2632 1077 2684 et
1095 2621 1185 2683 nulla
1204 2623 1380 2703 gravitate

268 2621 396 2683 omnino
434 2624 441 2638 '

267 2643 541 2790 deeeeeollepue
561 2707 607 2767 ad
629 2705 743 2771 Coelos
763 2699 947 2796 ascerfione
966 2703 1162 2789 prohibitas
1186 2725 1247 2786 per
1267 2696 1379 2797 ipsam

266 2787 314 2848 ad
333 2789 413 2850 lraec
433 2782 619 2887 perfeetum
640 2793 743 2854 animi
764 2787 943 2881 dopretiat,
972 2792 1039 2854 boc
1060 2787 1122 2862 est,
1154 2787 1380 2851 exorbitatem

267 2872 322 2934 vel
351 2887 562 2947 caecitatem,
585 2869 716 2961 sincere
745 2875 792 2937 ad
819 2877 932 2939 Deum
964 2874 1187 2957 pervenientis
1196 2864 1381 2962 sapienter·

265 2954 313 3015 ad
335 2977 405 3018 enm
428 2959 617 3020 intentione.
647 2955 712 3021 Ubi
736 2960 833 3021 datur
853 2953 999 3045 intelligi
1020 2957 1113 3043 quod
1131 2958 1244 3032 bomo,
1267 2973 1376 3040 quan·

268 3038 313 3101 do
342 3039 555 3104 revocabitur
575 3039 613 3104 in
628 3039 804 3126 prillinem
825 3057 964 3106 naturae
985 3039 1063 3103 suae
1084 3037 1240 3126 gratiam,
1273 3059 1378 3184 priam

264 3121 525 3208 praevaricando
555 3122 717 3198 deseruit,
748 3143 883 3187 omnem
911 3121 1096 3187 senfibilem
1127 3121 1213 3186 etse
1234 3120 1270 3184 in
1288 3121 1376 3184 erio·

264 3223 336 3266 rem
363 3219 547 3268 creaturam
577 3203 614 3268 in
635 3205 801 3270 unitatem
821 3205 881 3271 sthi
901 3205 1017 3272 recolli
1042 3221 1092 3280 et,
1126 3202 1272 3269 mirabili
1292 3223 1376 3290 qua-

266 3285 342 3348 darn
374 3284 509 3350 divinae
537 3285 673 3352 virtutie
704 3289 881 3386 potentia,
913 3288 950 3354 in
975 3311 1010 3352 re
1038 3285 1184 3352 ‘tutione
1204 3285 1375 3354 hominist

266 3369 347 3431 dum
368 3367 461 3434 enirn
482 3369 623 3446 finccre,
646 3386 685 3435 ut
706 3373 775 3458 rpse
797 3371 854 3448 ait,
876 3375 1044 3438 humanus
1061 3370 1247 3438 animated
1259 3375 1375 3435 Deum

263 3451 459 3537 perveniet,
484 3467 558 3517 tum
580 3453 930 3547 diviname’ropaoiav,
954 3459 1020 3524 boc
1033 3454 1095 3532 eli,
1119 3455 1271 3520 omnium
1284 3475 1375 3519 crea-

266 3549 432 3612 turtrum,
457 3557 537 3623 quae
560 3538 701 3604 omnino
726 3539 996 3626 superascendet,
1018 3537 1246 3628 ignorantiam
1267 3537 1376 3626 patie-

263 3629 335 3694 tur,
367 3622 410 3684 ad
437 3615 546 3707 ipsum
573 3623 683 3688 Deum
703 3624 925 3710 pervenient,
955 3621 1133 3712 ipsumque
1153 3621 1190 3686 in
1213 3619 1376 3718 omnibus

260 3704 663 3854 trel
676 3727 772 3855 :tr
796 3727 840 3856 r:
867 3711 1078 3855 terant,
1094 3703 1262 3854 lile

634 3836 645 3866 9

195 3873 200 3886 ’
286 3863 489 3948 etinebltnr,
524 3893 637 3961 neque
673 3875 717 3938 ad
752 3815 893 3942 Coelo}r
904 3811 1119 3940 demtionem
1123 3869 1372 3961 prohibebitur.

258 3948 416 4024 Dtl'nb·
443 3951 576 4040 inquit,
605 3955 832 4040 butelligibllia
864 3969 901 4022 et
914 3953 1085 4048 safililla
1104 3979 1177 4020 enm
1196 3960 1250 4022 etr
1269 3956 1372 4036 copu-

258 4031 350 4108 lans,
384 4035 452 4099 boe
480 4039 540 4114 eli,
568 4060 648 4105 eum
666 4039 851 4128 praedictio
875 4055 1071 4107 naturarum
1092 4035 1371 4116 adunationibus,

258 4113 1370 4302 allsted‘etismttilftetl‘tltt
