2856 4978
1147 177 1270 232 ‘au

465 251 572 322 uter
596 250 749 322 raum.
1028 357 1032 364 Ι
1083 245 1161 320 868

60 435 276 502 accidentium
310 433 443 520 capacia
476 435 562 499 sunt.
604 439 657 502 De
676 437 785 501 forma
807 447 921 500 autem
941 431 1156 510 substantiali,
1215 449 1219 460 ·

58 521 243 616 semperque
271 534 449 593 manente,
484 521 593 604 deque
626 520 696 620 ipsa
729 517 885 584 mutabili
907 539 947 582 ex
969 516 1159 606 quantitate

61 619 90 667 et
108 603 265 688 qu'alrtate
286 600 445 666 materiae
466 603 678 687 copulatam
700 602 809 689 primo
831 601 890 666 lib.
912 599 1008 676 satia,
1031 617 1070 664 ut
1086 599 1158 688 opi·
1204 607 1208 612 '

56 707 130 760 nor,
153 685 197 748 esi
219 699 341 748 actum.
378 687 422 748 Et
442 707 534 750 nunc
554 685 701 752 breviter
722 690 763 752 de
784 684 905 750 iiadern
923 687 1156 770 repetendum,

58 791 95 834 ne
122 770 190 832 ulla
223 767 422 854 ambiguitas
451 765 641 856 lebentibua
664 771 888 856 relinquatur.¹
929 765 1157 832 Substantialia

56 853 153 916 forma
176 851 220 915 ell
243 851 331 937 ipsa,
356 857 452 932 cujua
473 853 734 940 participatione
756 851 866 918 omnia
887 847 1066 916 individua
1088 851 1158 936 spe·

57 935 117 1000 cieo
136 935 317 1010 sorr'n'atur,
348 951 386 998 -et
408 936 451 1000 eli
472 959 540 1000 una
563 937 600 1000 in
622 937 797 1014 omnibua‚
829 952 862 1000 et
884 933 995 1000 omnia
1016 933 1053 998 in
1077 955 1156 1009 una,

55 1033 84 1082 et
102 1039 164 1083 nec
184 1017 430 1104 multiplicatur
450 1018 494 1084 in.
511 1021 608 1084 multi
633 1019 762 1094 licatia,
784 1041 850 1088 nec
869 1015 1037 1082 minuitur
1058 1015 1096 1080 in
1109 1037 1159 1080 re·

54 1101 170 1166 fractio.
203 1103 282 1165 Non
306 1101 399 1166 enirn-
419 1103 462 1167 est
482 1109 588 1184 major
602 1045 708 1169 iirrma
724 1105 799 1180 illa,
821 1099 916 1168 verbi
934 1099 1050 1188 gratia,
1073 1119 1159 1248 puae

55 1183 170 1248 dieitur
190 1187 313 1260 bomo,
336 1183 372 1250 in
395 1186 530 1252 infinita
552 1192 719 1254 humanae
735 1205 875 1251 naturae
888 1181 1073 1272 perindivi
1099 1203 1158 1248 aaa

54 1267 495 1354 specieamultiplicatione,
526 1295 627 1357 quarn
648 1272 684 1336 in
707 1273 766 1336 illo
787 1291 858 1336 uno
894 1283 928 1334 et
957 1266 1069 1356 primo
1099 1269 1160 1330 ho·
1213 1337 1219 1350 ,

53 1351 157 1426 mine,
181 1352 242 1439 qui
265 1352 358 1438 priua
379 1353 661 1452 particepailliua
685 1357 792 1420 sactus
815 1355 879 1436 este
901 1373 967 1416 neo
987 1350 1100 1416 minor
1121 1348 1158 1414 in

52 1434 104 1499 illo
125 1452 214 1510 erat,
240 1457 348 1522 quam
361 1435 398 1500 in
422 1443 597 1515 omnibus,
622 1461 765 1526 quorum
787 1456 928 1524 corpora
947 1457 986 1499 ex
1002 1435 1160 1500 illomul·

53 1517 264 1604 tiplicantur,
298 1519 419 1584 sedin
449 1523 607 1588 omnibua
636 1545 704 1588 una
739 1525 923 1608 eademque
956 1518 1015 1592 est,
1061 1534 1096 1582 et
1120 1515 1158 1580 in
1215 1579 1225 1598 l

54 1601 200 1680 omnibns
227 1617 298 1667 tota
319 1605 518 1689 aequaliter,
552 1604 588 1670 in
611 1607 713 1672 nullia
734 1607 837 1670 ullam
859 1603 1076 1676 varietatem,
1101 1614 1160 1664 aut

54 1683 349 1751 ‹lillimilitudinem
388 1689 573 1776 recipient,
617 1694 732 1754 eadem
769 1687 902 1754 ratione
930 1685 967 1752 in
1000 1683 1159 1750 omnibus

53 1765 311 1833 substantialibus
333 1771 469 1847 formis,
500 1773 535 1836 in
559 1793 668 1859 equo,
701 1773 737 1836 in
759 1775 865 1848 bore,
888 1769 925 1835 in
946 1772 1064 1844 leone,
1087 1789 1159 1832 cae·

54 1851 188 1938 terirque
219 1852 440 1930 animalibus,
476 1854 512 1920 in
541 1856 680 1922 surculis
702 1871 893 1943 quoque·et
912 1851 1025 1920 herbis
1045 1849 1159 1916 similia

52 1937 161 2020 regula·
175 1936 377 2002 naturaliter
400 1939 622 2006 constituitur.
678 1943 797 2005 Forma
818 1959 899 2004 vero
921 1937 979 2002 illa
1000 1933 1159 2002 materiae

54 2019 227 2084 adhaerens
249 2022 292 2084 ad
314 2022 588 2089 constitutionem
610 2025 760 2111 corporis
782 2023 873 2088 varia
887 2023 1033 2106 semper,
1057 2034 1158 2103 atque

53 2103 236 2179 mutabilia,
270 2102 375 2190 inque
398 2106 540 2171 diversae
564 2105 769 2174 differentiae
791 2108 977 2172 secundum
1001 2101 1157 2167 accident

54 2181 195 2271 dispersa.
243 2187 321 2250 Nou
351 2189 443 2256 enim
475 2211 516 2254 ex
536 2191 745 2255 naturalibus
766 2190 869 2255 causta
890 2186 1070 2251 visibilium
1094 2183 1159 2246 sor·
1239 2216 1244 2228 ι

52 2289 168 2334 marum
199 2267 382 2356 multiplex
418 2272 606 2338 differentia
638 2273 793 2360 procedit
814 2273 850 2336 in
875 2293 942 2335 una
975 2271 1158 2352 eademque

53 2350 169 2428 forma,
192 2354 253 2417 sed
276 2356 480 2422 extrinsecus
503 2357 627 2422 evenit.
672 2357 861 2422 Hominum
883 2351 1044 2440 fiquidem
1066 2349 1156 2414 inter

52 2431 79 2496 se
100 2435 388 2506 dissimilitudoin
413 2442 529 2516 vultu,
562 2441 599 2506 in
623 2441 812 2529 quantitate
845 2454 879 2503 et
916 2434 1077 2526 qualitate
1097 2433 1157 2497 lin·

53 2519 195 2602 gaiorum
228 2539 409 2607 corporum
442 2545 575 2590 morum
604 2521 756 2612 quoque,
794 2539 828 2587 et
863 2517 1165 2586 conversationum.

53 2601 182 2697 parietas
211 2623 285 2667 non
309 2626 349 2668 ex
370 2609 515 2671 humana
539 2625 679 2688 natura,
712 2629 797 2694 quae
820 2627 891 2669 una
911 2607 1093 2687 eademque
1116 2597 1159 2661 ett

53 2704 84 2746 tn
104 2688 281 2762 omnibua,
306 2687 342 2751 in
365 2690 494 2775 quibu'e'
511 2692 574 2765 est,
598 2709 632 2756 et
653 2690 711 2757 libi
735 2693 864 2776 semper
887 2684 1061 2758 simillima,
1084 2681 1158 2744 nul·

53 2768 173 2915 lampae
194 2769 394 2836 varietatem
415 2769 600 2858 recipiens,
625 2775 680 2838 sed
704 2797 743 2836 ex
766 2773 833 2847 bia,
857 2792 942 2857 quae
964 2767 1052 2835 circa
1066 2764 1158 2826 illam

54 2849 114 2914 inte
139 2851 298 2939 iguntur,
333 2857 521 2942 contingit:
551 2880 591 2922 ex
611 2857 696 2924 locie
719 2855 785 2920 viz.
809 2870 843 2936 et
867 2850 1092 2938 temporibus,
1113 2867 1159 2942 'ex

53 2935 280 3020 generatione,
304 2939 511 3024 quantitate,
535 2956 568 3004 et
591 2940 752 3036 qualitate
773 2935 1028 3004 alimoniorum,
1051 2947 1159 3026 reglo-

52 3039 144 3096 num,
175 3029 312 3094 aerum,
351 3020 388 3084 in
434 3020 533 3084 uibus
555 3023 705 3108 qumquia
726 3019 896 3092 nascitur,
919 3018 977 3080 seu
997 3028 1157 3086 nutntnr,

55 3118 84 3164 et
100 3101 381 3168 utuniversaliter
403 3041 511 3169 nicam
531 3127 570 3168 ex
586 3105 767 3176 *onnribum
797 3124 883 3201 quae
906 3099 995 3166 circa
1017 3095 1159 3192 substan·
1250 3100 1253 3112 '

54 3185 123 3251 tiam
145 3186 403 3273 intelliguntur,
432 3205 466 3252 et
485 3209 555 3252 non
578 3188 589 3250 i
616 3189 647 3251 sa
669 3188 844 3275 substantia
864 3187 959 3268 sunt3
981 3181 1158 3330 ipsaemet

53 3268 102 3332 stm
126 3274 177 3336 lex
199 3286 236 3335 et
256 3269 437 3336 uniformia
459 3272 517 3347 est,
540 3212 710 3358 nullisque
726 3269 961 3344 varietatibus,
1010 3287 1050 3330 ve
1069 3283 1158 3328 com·

54 3295 266 3441 poilionibua
290 3354 446 3420 obnoxia.
662 3427 666 3436 ¹

108 3457 155 3522 29.
193 3438 358 3534 Quisquis
388 3454 578 3524 ergoactu
609 3437 768 3512 rationis,
802 3435 916 3502 omnia
937 3449 1158 3520 quaecunque

56 3521 250 3586 extrinsecus
275 3542 363 3586 crrca
384 3520 553 3619 propriam
580 3521 791 3584 substantiam
814 3520 1016 3605 singularum
1039 3513 1158 3609 sorma-

54 3623 138 3682 rum,
172 3608 240 3669 hoc
273 3603 334 3680 est,
367 3626 455 3670 circa
481 3603 676 3670 individuae
712 3620 746 3667 et
767 3599 1011 3688 specialillimae
1033 3597 1158 3692 spectet

55 3685 312 3774 uniuscujusque
335 3688 479 3762 formae,
512 3686 607 3750 verbi
630 3687 741 3760 caula,
776 3681 947 3756 hominia,
979 3701 1079 3776 equ13
1101 3677 1159 3739 bo·

54 3766 117 3844 via,
138 3771 260 3856 piscia,
282 3771 450 3846 volatilia,
485 3773 684 3844 herbarum,
715 3785 749 3832 et
770 3768 939 3854 lignorum
964 3763 1170 3846 intellrgun·'

56 3865 103 3914 tur
127 3857 181 3918 vel
212 3855 404 3919 sentiuntur
437 3852 639 3928 mutabilia,
663 3850 771 3914 veluti
805 3851 947 3948 quadam
978 3845 1158 3910 multarum

57 3953 208 4020 aquarum
238 3937 474 4008 inundatione
488 3939 617 4024 semper
636 3937 855 4018 fluctuantra3
886 3934 925 3995 ab
950 3929 1020 4018 ipsa
1038 3926 1160 3992 intima
1205 3985 1210 3994 ,
1246 3966 1253 3986 .

56 4017 234 4097 substantia,
257 4022 346 4088 circa
369 4043 469 4109 quam
489 4023 695 4092 volvuntur,
718 4020 798 4082 dum
820 4017 860 4082 fit
881 4014 952 4104 ipsa
971 4015 1159 4110 incommu-

59 4102 144 4170 tabili
165 4106 242 4172 suae
264 4123 405 4172 naturae
425 4121 543 4172 tenore
559 4100 718 4177 stabilita,
743 4101 913 4250 sepregare
926 4097 1085 4192 potuerit,
1108 4117 1158 4157 ιη·

61 4200 119 4266 que
145 4209 251 4290 unum
272 4193 386 4259 locum
409 4210 630 4277 congregare,
661 4189 769 4252 hoce
801 4231 811 4262 ,
843 4205 965 4256 umus,
997 4183 1163 4284 ejusdem·⁸
1244 4197 1250 4208 ¹
