2922 4978
494 251 602 324 saber
622 251 783 339 Qtdtsttu.
1111 253 1192 326 435

75 435 238 540 liquidem
272 436 623 523 argumentationibus
656 451 692 503 et
722 439 811 504 ben'e
840 435 1007 504 scribendi
1040 454 1074 502 et
1100 439 1189 504 bene
1248 483 1252 491 -
1316 439 1322 444 ’

77 520 215 587 dicendi
238 532 288 599 ars
312 535 345 586 et
365 519 453 584 saeta
475 539 508 586 et
527 537 659 608 reperta
682 521 735 586 est.
777 525 821 586 D.
845 522 916 587 Cur
936 522 1051 610 itaque
1071 520 1108 587 in
1126 546 1191 587 nu·

75 623 168 672 mero
190 602 379 668 liberalium
401 603 486 670 disci
511 605 658 672 litterum
683 619 941 692 computantur,
967 607 1190 673 sisecundum

73 705 229 754 naturam
250 707 321 752 non
345 687 447 762 sunt,
481 629 538 754 sia
560 690 745 756 secundum
771 693 918 754 humana
938 691 1189 754 machinamen·
1247 751 1253 772 ,

73 772 132 837 ta‘l
164 775 212 836 M.
244 771 323 834 Non
360 770 457 836 aliam
481 775 523 838 ob
547 775 678 838 causam
699 773 800 838 video
822 776 1068 862 praeterquod
1091 773 1190 838 matri

73 855 200 920 artiore
219 863 304 940 quae
327 852 596 930 ettnialectica,
619 857 749 943 semper
769 861 961 922 adhaerent.
993 859 1081 920 Sunt
1096 857 1190 922 enim
1223 925 1227 935 ,

71 937 184 1003 veluti
215 939 379 1023 quaedam
409 937 511 1024 ipsius
539 940 676 1006 brachia
706 939 853 1004 rivulive
881 962 921 1004 ex
944 961 981 1006 ea
1001 955 1189 1020 manantes,

73 1025 244 1086 volema
263 1019 501 1098 instrumenta,
524 1025 647 1111 quibus
669 1024 743 1089 suaa
766 1023 998 1111 intelligibiles
1019 1022 1191 1088 inventio·

73 1127 141 1170 nee
156 1104 316 1170 humanis
335 1101 446 1170 rabbus
469 1099 666 1173 manifestat.
714 1113 755 1172 D.
778 1107 870 1172 Huic
889 1107 1097 1193 responsioni
1117 1127 1190 1170 non

72 1201 317 1287 usquequaque
338 1189 618 1267 contradixerim,
640 1190 980 1278 verisimilebamque
995 1191 1047 1256 est.
1079 1191 1191 1254 Potest

73 1291 166 1338 etum
194 1271 404 1336 rationabilis
435 1274 547 1338 anima
576 1275 667 1339 intra
703 1275 911 1374 semetipsam
934 1278 976 1339 de
996 1273 1191 1339 liberalibus
1267 1285 1271 1293 '

74 1355 266 1442 disciplinis
294 1370 456 1432 tractare,
494 1361 619 1446 absque
651 1358 745 1424 vocis
768 1362 961 1424 articulatae
984 1357 1191 1443 disertaeque

73 1439 239 1505 orationis
260 1439 408 1526 strepitu.
452 1442 770 1530 aedquodinstat‚
794 1446 891 1507 etad
936 1444 1189 1507 raesentemac·
1242 1449 1247 1464 ¹

70 1523 203 1588 tionem
224 1523 367 1599 attinet,
391 1523 577 1590 videndum
601 1526 653 1589 est.
675 1567 677 1570 -
698 1521 745 1589 Μ.
759 1525 863 1611 ‘Quid
885 1525 896 1590 i
926 1526 991 1590 uos

134 1617 165 1686 5.
188 1606 230 1670 D.
255 1606 349 1692 Quid
370 1607 431 1671 nili
454 1623 494 1672 ut
516 1608 716 1674 auctoritate
738 1612 902 1696 approbes
912 1609 1120 1698 principium
1132 1629 1190 1673 na·

71 1688 233 1754 turalium
254 1706 410 1754 motuum
435 1691 606 1779 finemque
632 1691 670 1757 id
691 1693 801 1778 ipsum
824 1694 886 1756 elle
908 1709 941 1756 et
962 1693 998 1758 in
1024 1694 1120 1758 nullo
1143 1693 1191 1756 di·

70 1775 163 1839 liare.
205 1775 254 1838 M.
277 1774 313 1838 Si
334 1777 402 1838 hoc
424 1775 577 1863 quaeris,
607 1775 687 1839 audi
710 1779 846 1841 beatum
869 1774 1056 1842 Maximum
1076 1775 1113 1840 in
1136 1779 1192 1840 de·

71 1857 163 1923 cimo
182 1873 279 1922 nono
300 1856 451 1944 eapitqu
474 1861 517 1925 de
534 1859 710 1946 Ambiguis
726 1861 934 1946 loquentem.
970 1862 1082 1926 Omne
1098 1861 1192 1947 quod

71 1943 259 2006 secundum
280 1957 443 2026 naturam·
458 1959 615 2006 movetur
633 1963 696 2029 per
716 1944 848 2008 causam
865 1941 1006 2008 omnino
1021 1958 1189 2018 movetur,

71 2040 108 2089 et
129 2039 248 2100 otnne,
273 2028 365 2112 quod
386 2042 448 2111 per
469 2027 600 2090 causam
622 2043 797 2101 movetur,
819 2049 881 2112 per
899 2028 1031 2092 causam
1047 2026 1189 2092 omnino

71 2123 108 2174 et
136 2109 198 2185 ella
237 2119 339 2172 omne
369 2122 482 2173 autem
515 2113 606 2208 quod
639 2133 701 2196 per
732 2111 864 2176 causam
894 2109 939 2173 est
967 2125 1001 2175 et
1031 2133 1094 2198 per
1114 2131 1191 2174 cau·

70 2193 140 2255 sam
169 2207 345 2266 movetur,
380 2192 589 2278 principium
619 2195 757 2280 quidem
778 2195 880 2259 habet
902 2192 1043 2258 omnino
1066 2191 1192 2258 essendi

72 2275 179 2362 ipsam
202 2294 264 2362 per
287 2295 388 2362 quam
410 2275 454 2337 ell
476 2290 571 2340 etex
593 2298 658 2364 qua
682 2281 724 2342 ad
739 2278 802 2341 else
820 2277 1020 2341 inchoatum
1037 2275 1090 2352 est,
1114 2285 1191 2342 'cau-

69 2360 159 2433 [πως
182 2358 285 2423 finem
305 2379 387 2422 vero
410 2359 573 2423 morendi
596 2362 757 2436 eandem,
780 2381 961 2446 perquam
981 2376 1140 2425 movetur
1156 2375 1191 2423 et

71 2439 237 2527 ad'quam
260 2441 455 2516 adducitur,
480 2443 623 2507 oausam.
656 2445 767 2508 Omne
790 2457 907 2510 autem
926 2445 1019 2542 quod
1035 2465 1096 2529 per
1115 2463 1193 2506 cau·

69 2527 140 2590 sam
163 2541 198 2589 et
221 2525 265 2589 est
286 2541 320 2588 et
340 2541 518 2601 movetur,
551 2524 705 2614 genitum
724 2527 869 2613 prorsus.
913 2527 949 2590 St
971 2541 1084 2591 autem
1104 2525 1192 2590 moti

70 2607 151 2675 fania
175 2607 218 2672 est
235 2608 325 2695 ipsa,
358 2623 540 2695 perquam
561 2625 736 2684 movetur,
771 2609 884 2682 causa,
918 2611 1034 2674 eadem
1055 2608 1191 2695 prorsus

73 2692 107 2758 ei
131 2691 193 2767 eil,
215 2715 276 2779 per
298 2709 397 2778 quam
420 2693 548 2757 factum
571 2693 632 2768 cll,
658 2709 692 2757 et
713 2694 820 2758 causa.
863 2693 938 2756 Una
958 2691 1064 2778 igitur
1078 2690 1190 2756 omnis

71 2793 251 2864 utcunque
274 2775 444 2839 exilientis
466 2791 500 2840 et
520 2776 606 2840 moti
629 2777 814 2842 sectandum
836 2787 991 2839 naturam
1013 2773 1190 2861 utprinci-

69 2860 171 2948 pium
186 2859 307 2924 etlinis
324 2859 503 2945 causa,per
524 2877 625 2946 quam
648 2877 683 2924 et
697 2861 740 2924 eil
751 2875 785 2924 et
804 2873 961 2923 moretur
978 2861 1079 2922 omne
1098 2859 1192 2944 quod

72 2945 121 3010 est
143 2958 178 3007 et
197 2958 364 3008 movetur.
407 2941 530 3008 activa
554 2963 702 3043 namque
722 2942 891 3007 subsistens
913 2939 1067 3028 potentia
1089 2957 1125 3004 et
1146 2941 1193 3005 sa·

71 3027 124 3094 'cit
158 3027 250 3091 saeta
268 3025 433 3091 divinitus
454 3041 494 3090 ut
536 3027 741 3114 rinciprumt
774 3042 808 3090 et
831 3024 1019 3112 praemittit
1039 3039 1078 3089 et·
1094 3038 1192 3089 attra-

70 3111 128 3176 hit
147 3125 259 3185 mota,
280 3108 426 3194 proinde
447 3123 486 3173 ut
507 3049 585 3176 inis
609 3128 642 3175 et
664 3110 751 3175 finit.
782 3107 818 3174 si
839 3125 953 3174 autem
975 3128 1077 3176 omne
1099 3109 1193 3196 quod

71 3201 251 3269 movetur,
284 3192 328 3256 eil
357 3208 392 3256 et
412 3193 558 3270 factum,
592 3207 654 3280 p'er
675 3191 890 3270 causamell,
925 3205 960 3258 et
979 3207 1137 3258 movetur
1157 3205 1193 3256 et

69 3279 204 3342 sactum
230 3275 297 3340 est:
326 3284 427 3341 omne
456 3281 547 3364 quod
571 3299 642 3343 non
663 3301 724 3365 per
746 3278 877 3343 causam
895 3275 961 3363 est,
991 3295 1103 3363 neque
1125 3275 1192 3339 sac·

70 3377 149 3426 tnm
190 3357 234 3424 est
266 3381 378 3446 neque
408 3361 562 3447 proiecto
599 3362 735 3426 mobile.
785 3363 864 3426 Non
898 3359 992 3424 enim
1020 3373 1191 3432 movetur,
1261 3383 1272 3394 ·

94 3446 169 3509 uod
194 3465 256 3530 per
283 3444 398 3508 omnia
435 3443 470 3508 in
496 3443 654 3509 omnibus
677 3444 800 3508 essendi
826 3444 958 3508 causam
980 3445 1192 3508 nonhabet:

68 3467 94 3593 ti
130 3535 243 3591 autem
265 3528 357 3612 quod
380 3542 471 3591 caret
492 3528 588 3592 causa
610 3527 751 3593 omnino
775 3526 875 3592 etiam
896 3525 1097 3599 immobile,
1112 3523 1193 3608 ‚im-

8 3677 9 3682 ,
68 3611 201 3676 mobile
220 3609 327 3699 igitur
348 3608 524 3686 divinum,
546 3611 671 3688 essendi
716 3609 822 3710 uippe
842 3611 971 3674 nullam
991 3609 1095 3672 habet
1116 3625 1193 3670 cau·

67 3697 160 3769 sam,
202 3709 237 3758 et
259 3693 414 3759 omnium
436 3713 521 3783 quae
542 3695 621 3758 sunt
641 3696 700 3759 sub
752 3712 781 3759 rt
802 3695 908 3759 causa.
954 3692 1193 3758 Animadverte
1278 3701 1281 3708 “

67 3779 247 3866 quomodo
276 3778 409 3844 causam
447 3778 601 3845 omnium
623 3799 736 3844 rerum
758 3793 792 3842 et
813 3778 917 3842 finem
939 3775 976 3841 id
996 3774 1106 3862 ipsum
1129 3772 1192 3836 else

69 3858 321 3927 evidentissime
350 3862 510 3949 disputat.
563 3866 607 3927 D.
635 3861 888 3928 Animaduerto.
939 3861 1006 3924 Sed
1039 3856 1122 3946 quid
1151 3857 1194 3920 ad
1296 3869 1305 3878 ·

67 3945 284 4032 praesentem
320 3946 552 4032 quaestionem·
583 3947 755 4034 pertineat
790 3965 863 4010 non
897 3942 1063 4030 intelligo.
1112 3941 1193 4005 Non

69 4029 168 4098 enim
190 4033 233 4098 de
253 4025 347 4108 Deo,
370 4030 429 4117 qui
452 4029 498 4096 est
515 4025 725 4118 principium
747 4043 781 4094 et
802 4027 881 4094 sinis
904 4026 1075 4100 omnium,
1111 4033 1194 4170 puo-

70 4111 265 4180 niamexi
304 4131 344 4189 o,
367 4129 402 4178 et
422 4134 483 4214 per
503 4113 612 4202 ipsam
658 4123 692 4182 e't
713 4113 751 4179 ln
771 4111 862 4202 ipso,
886 4127 920 4177 et
937 4107 1102 4196 adipsum
1130 4119 1194 4170 unt

68 4195 212 4274 omnis,
285 4195 374 4282 aera
396 4201 588 4292 tatrones,
620 4163 677 4266 lea
709 4189 1193 4285 aspendonensium

575 4313 785 4403 4aa*
968 4347 993 4390 .
