2854 4978
684 127 690 146 b
776 95 792 177 ll

446 237 557 338 tate
580 233 735 325 Persius
1006 313 1012 336 ,
1069 187 1170 314 249Ι

57 425 183 494 arridett
204 425 315 512 primo
336 421 492 513 quldetn,
515 427 651 512 quando
673 441 708 498 ct
730 425 857 505 cresin,
881 439 915 490 et
935 447 1148 492 creareaecon·

58 510 182 597 [pisitur
208 507 327 596 divina
344 525 483 586 natura3
517 526 649 575 creatur
671 511 762 582 enim
785 533 803 574 a
823 509 927 596 seipsa
948 509 984 574 in
1006 507 1149 582 Primor-

58 595 186 660 dialibus
206 594 329 667 causis,
351 613 389 658 ac
409 613 469 679 per
489 593 556 658 hoc
576 593 715 681 seipsam
737 609 844 667 creat,
867 597 933 658 hoc
946 593 1007 666 est,
1030 592 1067 658 in
1082 592 1148 656 suis

57 675 274 764 Theophaniis
293 675 418 762 incipit
439 697 595 762 apparere
618 701 657 742 ex
675 677 902 744 occultissimis
919 694 1057 740 naturae
1072 677 1148 740 suae

54 760 176 838 finibus,
190 762 311 824 volens
327 782 503 848 emergere,
516 760 553 825 in
568 761 690 849 quibus
701 778 736 826 et
745 761 802 826 fibi
818 761 876 847 ipsi
887 745 1149 847 incognitashoc

56 845 109 919 sss,
137 843 172 908 in
195 846 290 908 nullo
313 844 344 908 se
368 844 560 930 cognoscit,
591 844 827 932 quiainfinita
849 845 909 919 est,
940 860 973 906 et
994 845 1148 928 superna·

55 927 173 1002 turalis,
198 943 232 992 et
252 927 544 1013 superaetemalis,
567 943 602 994 et
621 929 721 1016 super
743 949 845 994 omne
862 930 958 1014 ,quod
979 927 1084 1012 potest
1098 927 1149 989 in·

55 1011 166 1098 telligi,
199 1027 236 1076 et
263 1033 334 1076 non
382 1009 480 1085 otest,
511 1012 716 1078 descendens
738 1033 820 1078 vero
841 1010 878 1074 in
901 1009 1080 1096 principiis
1101 1031 1150 1074 rc·

54 1117 134 1170 rum,
157 1116 195 1160 ac
214 1095 323 1159 veluti
359 1094 482 1182 eipsam
504 1117 620 1161 creans
641 1096 679 1162 in
701 1095 814 1184 aliquo
836 1093 976 1160 inchoat
998 1094 1078 1157 else:
1104 1091 1151 1156 se·

55 1181 156 1244 cundo
184 1199 288 1254 vero,
326 1180 406 1244 dum
435 1177 472 1242 in
507 1178 662 1245 extremis
684 1179 860 1244 effectibus
881 1174 1151 1265 primordialium

56 1263 213 1326 causarum
234 1260 456 1348 perspicitur,
478 1259 515 1327 in
539 1264 660 1350 quibus
682 1262 787 1328 creari
808 1263 1056 1346 tantummodo,
1078 1281 1150 1326 non

56 1362 155 1410 autem
175 1367 288 1410 creare
308 1361 397 1411 recte
418 1346 647 1432 praedicatum
676 1363 807 1413 creatur
820 1345 921 1412 'enim
947 1345 1152 1410 descendens

55 1427 86 1492 in
106 1445 265 1494 extremos
288 1429 446 1504 effectus,
475 1432 562 1508 ultra
584 1452 668 1518 quos
689 1431 738 1496 nil
763 1446 886 1506 creat,·
901 1428 1048 1514 ideoque
1070 1425 1152 1492 dici·

58 1527 104 1576 tur
129 1511 232 1578 creari
260 1514 488 1594 solummodo,
518 1536 589 1579 non
613 1536 735 1582 cresse.
777 1516 855 1578 Non
879 1513 969 1578 enim
991 1512 1078 1575 ultra
1101 1531 1153 1574 css·

57 1609 166 1662 nemos
189 1595 330 1660 effectus
353 1596 543 1674 descendit,
576 1620 643 1684 quo
665 1613 699 1662 et
720 1596 841 1670 creari,
872 1612 906 1662 st
926 1617 1036 1662 creare
1058 1591 1151 1658 vide·

56 1695 145 1743 retur.
188 1680 330 1744 Creatur
351 1701 448 1826 ergo,
472 1673 506 1744 et'
526 1696 616 1746 creat
636 1680 672 1748 in
688 1680 962 1768 primordialibus
977 1677 1090 1754 causis,
1112 1675 1150 1740 in

57 1783 157 1828 sarain
181 1785 259 1843 vero
283 1762 393 1828 effecti
419 1783 460 1828 us
481 1780 633 1839 creatur,
654 1786 726 1831 non
749 1782 860 1840 crest;
883 1785 948 1829 nec
962 1760 1150 1836 immerito,

58 1867 148 1932 quum
169 1845 206 1910 in
227 1846 304 1933 ipsis
325 1847 430 1911 finem
451 1847 672 1914 descensionis
693 1850 787 1926 suae,
809 1853 875 1914 hoc
890 1847 949 1924 est,
972 1843 1152 1931 apparitio·

57 1929 102 1994 nis
121 1931 195 1994 suae
216 1929 407 2007 constituit,
430 1945 531 2018 atque
551 1931 630 1997 idco
653 1931 764 1998 omnis
786 1947 937 1998 creatura
955 1926 1150 2016 corporalis,

59 2027 87 2076 ct
109 2013 261 2090 risibilis,
295 2015 509 2101 sensibusque
538 2016 758 2083 succumbens
790 2033 976 2081 extremum
1004 2011 1152 2077 Divinae

57 2113 182 2162 naturae
211 2096 388 2186 vestigium
414 2120 486 2164 non
516 2096 619 2170 incon
645 2125 705 2166 rue
734 2101 817 2166 solet
845 2100 882 2164 in
906 2095 1077 2183 scripturis
1097 2117 1153 2181 sp·

58 2182 179 2264 pellaris
207 2183 301 2269 quod
329 2181 439 2247 omnis
462 2126 745 2271 contemplativus
768 2183 921 2258 animus,
950 2177 1059 2247 veluti
1079 2178 1152 2276 qui-

59 2263 123 2329 dam
148 2267 282 2348 Moyses
310 2269 491 2334 ascendens
519 2267 557 2334 in
578 2269 804 2334 summitatem
829 2265 997 2332 Tbeoriae
1017 2277 1154 2350 permit·

23 2371 33 2380 ·
58 2361 135 2413 tatur
159 2350 214 2413 ins
235 2349 342 2426 icere,
373 2367 408 2417 et
436 2354 660 2439 quodadhuc
682 2353 739 2416 vix
762 2374 780 2416 a
801 2349 1008 2437 sapientibus
1030 2344 1151 2410 animis

6 2507 8 2512 Ι
59 2431 151 2514 potest
176 2453 194 2496 a
248 2455 372 2518 purum
394 2433 568 2522 dignosci:
601 2433 883 2524 fumigationibus
903 2430 1153 2497 Phantasiarum

60 2527 250 2580 terrenarum
263 2517 454 2604 strepitibus
476 2520 711 2596 mutabilium,
733 2539 889 2597 necnon
912 2511 1152 2580 coruscationi-

58 2597 111 2693 bus
130 2599 238 2664 subito
252 2601 484 2679 nascentium,
506 2603 685 2692 subitoque
702 2595 1154 2694 transeuntiumimpedien·

60 2683 155 2758 tibus;
177 2683 449 2771 paucissimorum
471 2708 636 2772 namque,
659 2685 869 2772 terrenisque
888 2680 1154 2767 cogitationibus

57 2765 180 2849 penitus
201 2785 425 2844 remotorum,
459 2769 585 2834 virtute
607 2785 642 2834 et
665 2769 804 2836 scientia
825 2780 1065 2854 purgatorum,
1096 2761 1150 2836 ests

59 2851 146 2914 deum
177 2851 214 2916 in
235 2854 289 2917 his
309 2851 495 2934 visibilibus
517 2852 677 2918 creaturis
700 2872 928 2939 cognoscere,
952 2848 1038 2912 ficut
1056 2848 1156 2909 Abra·

59 2934 126 2997 ham
158 2955 196 2997 ex
221 2935 438 3000 converfione
458 2937 602 3002 siderum
624 2935 802 3024 cognovit,
834 2937 908 3020 lege
930 2928 1074 2994 naturali
1097 2931 1156 2992 du·

59 3037 105 3090 ce,
133 3019 330 3104 caeterique·
352 3019 434 3084 sacri
465 3021 580 3085 Patres
602 3037 681 3085 ante
705 3025 832 3106 Legem
853 3015 1026 3102 scriptam·
1061 3011 1154 3077 etin

57 3101 137 3197 lege,
160 3105 443 3186 quemadmodum
466 3104 579 3169 Moses
600 3102 636 3168 in
660 3107 767 3177 nube,
796 3099 886 3168 etin
909 3093 1037 3162 montis
1060 3116 1156 3160 cacu-

57 3205 147 3249 mine.
174 3184 321 3272 Apostoli
344 3187 479 3251 demum
499 3189 572 3273 poll
594 3193 719 3273 Legem
740 3187 799 3252 sub
823 3183 1014 3272 gratiacum
1025 3176 1154 3244 Christo

58 3265 89 3330 in
108 3287 239 3344 monte,
268 3291 328 3354 per
350 3269 492 3334 visibilis
514 3272 662 3354 symbola
681 3272 718 3335 in
742 3268 858 3336 divina
878 3263 1030 3349 mysteria
1050 3263 1155 3328 intro·

59 3352 143 3416 ducti
171 3355 259 3418 sunt.
314 3354 353 3418 V
349 3352 522 3444 estimenta
549 3354 740 3444 enim··ejus
767 3353 934 3427 carsdida,
958 3344 1054 3448 ficut
1082 3350 1154 3441 nix,

58 3431 209 3502 visibilem
241 3451 426 3501 creaturam
456 3437 492 3501 in
519 3461 603 3524 qua,
639 3454 672 3501 et
699 3460 760 3524 per
788 3459 889 3525 quam
918 3437 973 3498 dei
1002 3432 1154 3504 verbum,

58 3521 139 3662 gpod
159 3520 195 3584 in
218 3517 377 3586 omnibus
402 3520 555 3596 subsistit,
577 3520 796 3608 intelligitur,
819 3515 1062 3606 significabant.
1092 3515 1157 3576 Au·

81 3599 87 3612 '
110 3604 299 3690 Apostolum
323 3603 494 3670 dicentem
516 3601 695 3694 invifibilia
717 3607 785 3692 ejus
805 3627 828 3666 a
848 3604 1014 3665 creatione
1033 3595 1157 3695 inscidi,

60 3705 109 3761 per
128 3711 166 3750 ea
186 3711 272 3774 quae
284 3679 505 3781 factasunt,
527 3689 695 3752 intellecta
711 3680 965 3778 conspiciuntur,
981 3674 1160 3780 sempiter-

50 3787 96 3833 na
117 3792 240 3859 quoque
269 3775 340 3862 ejus
364 3777 476 3838 virtus
506 3785 541 3834 et
567 3775 760 3836 aeternitas.
801 3775 844 3835 D.
902 3761 1156 3864 uadnpartitam

60 3867 186 3922 naturae
214 3855 413 3922 universalis
443 3854 641 3938 diuisionem
663 3875 757 3920 nunc
777 3852 856 3919 cla‘
896 3873 951 3915 me
971 3849 1089 3922 video,
1121 3859 1157 3908 et

61 3934 98 3998 de
121 3939 209 4017 Deo,
240 3955 274 4004 et
300 3938 338 4004 in
358 3944 434 4005 Deo
457 3940 520 4004 else
540 3937 776 4005 indubitanter
794 3934 905 4002 intelli
932 3935 1056 3998 endum
1079 3947 1157 4014 cog·

60 4038 175 4106 nosco,
202 4022 348 4108 proinde
367 4023 466 4089 finita
486 4027 551 4088 hae
572 4021 745 4112 questione
766 4023 809 4086 de
828 3957 955 4090 niuiso,
978 4027 1013 4078 et
1032 4012 1075 4076 ad
1095 4032 1157 4108 pu·
1215 4057 1220 4067 .

60 4121 144 4179 mm,
191 4119 233 4169 ut
260 4107 401 4193 opinor,
437 4109 600 4182 deducta,
636 4107 679 4170 ad
706 4097 1008 4169 considerationem
1038 4110 1157 4194 tertiae

59 4184 153 4268 partis
179 4186 356 4260 universas
384 4204 544 4268 naturae,
575 4193 619 4256 de
647 4205 713 4278 qaa
742 4183 953 4278 praedicatur
983 4199 1088 4248 creari
1108 4175 1158 4244 so·
