2930 4982
308 235 389 310 roe
442 241 443 246 ¹
644 237 699 306 ue
720 235 901 308 demere
921 209 1095 308 nuum.
1147 238 1150 246 ’

310 443 379 488 roe.
423 418 492 505 Qui
520 423 623 484 etiam
650 409 785 488 laetari
799 423 976 488 Domuum
1006 426 1042 486 in
1061 419 1215 501 operibus
1224 413 1295 510 suit
1311 423 1390 500 dicit,

310 503 540 597 deficimtidus
567 506 796 586 peccatoribus
822 529 846 570 a
877 521 969 570 terra
1000 518 1035 570 et
1056 507 1195 590 iniquis,
1227 509 1275 570 t'tn
1291 520 1324 572 ut
1340 530 1393 572 non

300 586 386 679 sent.
418 590 607 671 Quomodo
623 588 715 655 enim
739 589 813 688 quia
832 604 989 675 peccator
1007 585 1257 664 nominabitur,
1271 605 1393 736 peccato

312 694 383 738 non
415 671 592 752 existente3
625 689 684 737 aut
711 672 867 759 iniquus,
902 671 1084 760 iniquitate
1106 672 1264 738 dellructa
1317 673 1395 738 Sicut

311 751 470 820 nitidem
491 757 679 841 Prophetae
701 760 782 822 No'n
804 751 973 848 resurgent
994 759 1093 840 impii
1113 759 1147 820 in
1157 759 1294 846 judicio.
1325 757 1394 820 Nam

310 842 447 924 quando
477 837 669 904 humaniter
696 838 734 906 in
765 838 1008 906 resurrectione
1040 839 1288 915 restaurabitur.
1318 837 1396 904 omni

310 921 486 1008 impietate
507 938 542 986 ct
560 923 688 990 malitia
709 938 743 988 et
762 940 871 989 morte
892 924 1092 989 absolvetur.
1133 925 1182 988 Ac
1202 945 1261 1010 per
1278 925 1336 988 hoc
1353 943 1398 986 ne·

309 1027 377 1152 que
396 1005 477 1070 mali
498 1028 610 1092 neque
630 1006 729 1092 impii
749 1008 939 1092 resurgent:
961 1009 1027 1073 sola
1049 1006 1211 1094 liquidem
1232 1022 1341 1070 nutura
1359 1027 1398 1068 re·
1429 1063 1430 1066 ,

326 1104 439 1174 urget;
462 1088 618 1174 impietas
638 1110 718 1156 vero
742 1107 776 1154 et
796 1091 924 1160 malitia
947 1107 1080 1156 aeterna
1106 1088 1316 1156 damnatione
1329 1087 1398 1174 peri-

308 1175 407 1236 bunt.
449 1175 492 1236 D.
517 1171 603 1257 Quie
624 1174 668 1238 ell
689 1193 724 1238 er
749 1173 847 1239 oille
869 1189 1025 1240 aeternus
1046 1174 1155 1272 ignit,
1188 1175 1278 1260 quod
1298 1169 1398 1256 suppli·

313 1254 423 1332 cium,
453 1257 641 1342 ardensque
669 1258 741 1343 sulp
769 1279 809 1321 ur
829 1272 864 1322 et
884 1259 1034 1345 stagnum
1056 1258 1164 1344 ignit,
1198 1254 1316 1322 vermie
1336 1275 1402 1340 quo·

334 1361 377 1402 ue
398 1360 468 1403 non
490 1339 658 1415 morione,
681 1357 859 1428 ceteraque
875 1357 1041 1408 tormenta
1055 1363 1141 1428 quae
1158 1339 1273 1404 divina
1289 1336 1400 1423 eloquia

273 1439 276 1453 ·
310 1363 447 1488 iiabolo
463 1422 621 1487 omnibus
647 1445 689 1489 ue
701 1427 773 1505 eiua
788 1425 946 1490 membris
966 1426 1081 1489 futura
1099 1419 1400 1510 essepronuneiants

311 1508 347 1571 Si
385 1507 571 1570 secundum
590 1445 760 1573 hiioriam
781 1531 960 1606 rerumque
982 1500 1164 1572 vifibilium
1185 1504 1402 1594 proprietatem

335 1603 474 1654 utentur
494 1591 583 1666 [οἵας
604 1591 785 1657 necessario
810 1590 846 1654 in
872 1594 983 1678 aitque
1003 1607 1101 1678 parte
1121 1591 1244 1656 mundi
1266 1583 1402 1653 lenlbilis

308 1615 506 1738 ienfibiliter
534 1689 656 1739 erunt:
688 1690 723 1739 et
749 1673 860 1750 fiitet
894 1677 1042 1740 muudus
1061 1673 1139 1750 iste,
1174 1691 1235 1738 aut
1255 1688 1340 1738 totue
1358 1683 1403 1732 aut

301 1758 421 1846 ¹alique
444 1778 519 1840 pare
543 1761 614 1837 ejus
636 1757 858 1822 reservabitur
873 1769 891 1832 ,’
905 1758 942 1822 in
965 1780 1030 1845 qua
1053 1755 1238 1822 damnandi
1261 1768 1402 1842 perpetuo

310 1841 579 1924 damnabuntur„
614 1844 662 1906 Ac
683 1863 744 1927 per
765 1846 832 1908 hoc
853 1863 923 1907 non
947 1843 1097 1907 solvetur
1119 1840 1281 1914 omnino,
1312 1855 1402 1920 neque

309 1922 617 1999 consummabitur,
645 1927 713 1988 hoc
742 1924 804 2000 est,
835 1924 871 1994 iu
902 1926 1014 1992 caulae
1044 1925 1118 1990 suae
1139 1946 1213 1990 non
1236 1922 1401 1988 reversurus

309 2008 372 2082 est,
409 2008 545 2090 quando
567 2009 665 2072 Deus
686 2012 794 2073 omnia
815 2012 851 2072 in
871 2010 1019 2074 omnibns
1039 2013 1116 2074 erit.
1160 2008 1237 2096 lpse
1258 2004 1342 2070 euim
1362 2001 1402 2072 est,

307 2105 349 2154 ut
369 2087 613 2173 praediximur,
637 2091 883 2156 consummatio
905 2091 1026 2158 mundi
1050 2109 1085 2158 et
1105 2111 1177 2157 non
1201 2089 1266 2156 alia
1284 2133 1294 2163 ‚
1314 2091 1402 2152 Deum

307 2172 346 2236 in
370 2171 528 2236 omnibus
550 2174 623 2238 elle.
667 2175 711 2237 Et
732 2179 825 2259 quod
848 2175 891 2239 est
912 2175 1065 2261 gravior,
1090 2175 1175 2261 quid
1196 2171 1369 2261 punietur,
1387 2166 1403 2229 s1

307 2256 442 2319 nullum
472 2255 682 2321 substantiale
717 2257 924 2338 subjectum,
960 2261 1053 2346 quod
1099 2257 1192 2322 uniri
1212 2253 1402 2343 pollitnullo

307 2340 419 2404 modo
442 2339 663 2403 remanserit?
696 2343 801 2406 Porro
825 2342 846 2404 s1
870 2357 961 2406 totue
981 2281 1150 2417 munius,
1182 2337 1403 2404 universaliter·

307 2443 375 2568 que
397 2431 467 2486 tot'a
489 2437 656 2498 creatura,
680 2445 766 2522 quae
788 2445 806 2488 a
828 2428 902 2489 Deo
925 2425 1013 2489 sacta
1037 2424 1101 2500 est,
1124 2424 1161 2489 in
1185 2437 1403 2488 aeternaeoau·
1430 2461 1431 2469 κ

323 2527 357 2568 ee
377 2502 412 2566 in
436 2503 558 2588 quibua
580 2507 735 2582 subfilltt,
758 2529 828 2572 nou
852 2509 895 2570 cll
915 2508 1108 2590 reversurass
1140 2522 1213 2572 tota
1237 2508 1342 2570 adhuc
1358 2519 1403 2564 uo·

297 2589 369 2653 sira
397 2587 614 2653 ratiocinatio
646 2588 966 2687 irritapenitueque
988 2590 1141 2655 dissoluta
1163 2589 1328 2654 refidebit.
1367 2585 1402 2646 Μ·

306 2675 346 2736 lu
367 2692 492 2734 vanum
515 2672 757 2747 laboravimus,
794 2673 885 2737 stita
907 2673 1027 2759 luerit3
1058 2671 1315 2758 sententiaeque
1334 2671 1402 2732 lano

307 2770 421 2820 torum
451 2757 589 2819 Petrum
612 2775 693 2841 quae
714 2756 986 2832 introduximus,
1023 2757 1223 2842 redigentur
1245 2757 1283 2820 iu
1303 2754 1402 2822 risum;

307 2842 400 2923 quod
430 2837 520 2900 abfit.
565 2841 608 2901 D.
641 2841 805 2904 succurre
835 2840 969 2925 itaque;
1005 2843 1114 2927 deque
1145 2837 1328 2927 praedictis
1357 2850 1404 2926 tor·

305 2937 500 2986 mentorum
523 2920 716 3006 speciebus,
755 2945 836 3008 quae
859 2923 975 2986 divina
996 2943 1067 2987 non
1091 2925 1239 2988 mendax
1260 2918 1404 3008 promittit

306 3002 456 3079 historia,
478 3003 688 3088 probabilem
709 3009 813 3070 redde
835 3006 1012 3070 rationem.
1379 3079 1385 3092 ¹

373 3107 422 3170 29.
463 3090 509 3151 M.
532 3087 687 3152 Diversae
711 3087 954 3174 suppliciorum
976 3091 1100 3153 formae
1121 3109 1193 3153 non
1217 3084 1362 3152 localiter
1376 3099 1402 3142 u

331 3174 451 3232 uadum
473 3185 587 3254 parto,
609 3170 717 3236 veluti
740 3187 813 3236 toto
835 3174 935 3250 hujue
958 3172 1096 3254 visibilis
1116 3185 1310 3241 creaturae,
1332 3183 1361 3230 et
1378 3177 1403 3224 ut
1427 3187 1428 3226 l

307 3192 501 3336 iimplicitcr
520 3254 648 3330 dicam,
670 3275 783 3340 neque
805 3254 894 3318 iutra
917 3253 1139 3320 diversitatem
1163 3253 1272 3320 totius
1291 3265 1403 3316 naturae
1427 3227 1428 3315 l

308 3357 326 3397 a
355 3340 429 3401 Deo
462 3337 620 3402 conditae
655 3338 786 3402 suturae
816 3339 878 3400 esse
911 3339 1098 3420 credimue3
1133 3353 1168 3400 et
1199 3357 1314 3424 neque
1334 3348 1402 3397 nunt

308 3419 388 3493 else,
422 3433 455 3483 et
476 3440 664 3507 nusquam,
697 3435 731 3483 et
754 3443 952 3508 nunquam,
987 3421 1100 3486 sedin
1123 3421 1290 3486 malarum
1310 3419 1427 3498 voluu-1

260 3565 262 3570 .
307 3517 415 3566 tatum
444 3519 745 3590 corruptarumque
776 3503 1058 3570 conscientiarum
1082 3505 1245 3591 perversio
1268 3498 1427 3596 motibut.l

306 3589 467 3672 tardaque
489 3587 701 3671 poenitentia
725 3603 758 3650 et
777 3586 1009 3664 infructuosa,
1048 3587 1153 3674 inque
1175 3587 1348 3675 perversae
1364 3597 1402 3676 po·

306 3669 430 3732 testatis
453 3670 649 3735 omnimoda
671 3671 906 3747 subversione,
929 3671 994 3736 five
1015 3674 1164 3736 humana
1184 3672 1255 3734 five
1279 3665 1402 3761 angeltct

305 3769 466 3817 creatura.
517 3752 732 3818 subvertitur
765 3770 878 3818 autem
932 3758 1001 3819 uod
1031 3753 1174 3820 omuino
1198 3752 1400 3838 extinguunt·

186 3820 191 3840 ¹
304 3834 533 3920 Extinguetur
554 3837 695 3901 omnino
718 3838 828 3901 omnio
844 3777 985 3905 sactiitea
1003 3837 1188 3928 peccandi,
1213 3829 1402 3928 malefacieu

306 3917 361 3987 di.
384 3918 489 4004 impie
510 3921 651 4006 agendi;
674 3921 834 3985 facultate
854 3937 968 3986 autem
991 3919 1097 3990 totiut
1117 3918 1273 3988 malitiae
1292 3929 1401 4005 pemtffi

306 4001 492 4076 subtracta,
531 4025 649 4068 nonne
669 4005 737 4068 sola
760 4005 887 4072 occasio
908 4005 1097 4072 remanebit
1116 4003 1227 4069 veluti
1248 3989 1400 4066 uentu?

304 4083 350 4146 Ut
373 4084 463 4147 enim
477 4084 571 4172 fides
581 4085 659 4178 stne
680 4087 833 4170 operibus
852 4102 983 4156 mortua
1003 4090 1075 4184 est3
1095 4087 1143 4153 ita
1157 4102 1336 4175 peccetum
1349 4081 1400 4146 abt
1424 4081 1425 4160 l

304 4189 371 4253 que
390 4167 605 4254 poffibilitate
627 4169 812 4256 peccandi,
835 4187 870 4240 et
891 4174 1024 4242 mulitia
1042 4174 1170 4258 absque·
1183 4166 1360 4238 maleficio,
1378 4171 1399 4220 u
