2942 4976
302 189 434 306 δῦθι
535 239 539 246 ’
638 231 1084 338 ϋςυὲυϋίωοΝαωαε.

303 423 407 490 nlbua·
423 417 535 494 ritiia,
554 419 679 507 quibua
700 419 812 487 anima
836 419 993 489 deforma
1015 417 1182 496 efficitur,
1212 438 1399 570 corruptura

301 505 385 594 quid
413 502 564 590 atrioque
599 503 737 595 'rosunt
764 508 854 570 bona
889 503 1076 592 entpoaalia
1095 503 1244 572 similiter
1264 529 1311 596 pe
1335 509 1401 585 ella,

266 603 269 614 ·
301 595 383 656 dum
415 607 504 652 unua
536 585 572 652 ni
653 585 977 661 aliud‘conliderat,
1009 587 1073 654 nili
1090 603 1140 652 ‚ut
1166 592 1209 654 ad
1241 591 1400 658 summum

300 677 448 744 bonum,
471 673 513 735 ad
528 673 620 758 quod
636 669 763 746 tendit,
780 669 988 820 perveniat„
1002 687 1298 757 eognoaeenenou
1317 675 1401 740 aliud

304 759 367 822 esse
389 756 554 820 summum
576 753 777 830 bonum,·ni
822 756 952 821 summo
973 756 1066 820 beno
1083 759 1281 833 adhaerere,
1302 757 1338 823 in
1354 779 1402 824 eo

301 837 562 1008 stellis&
571 885 581 913 '
604 838 1152 1010 dubitarint&
1167 839 1403 1012 {stitis

567 968 577 998 ἰ
980 967 991 998 2

301 1024 375 1072 tum
397 1005 494 1071 sunm
513 1025 635 1093 corpur
658 1005 756 1081 dieo,
777 1022 812 1073 et
831 1005 979 1072 animam
1000 1022 1035 1070 et
1053 1022 1201 1072 mentem
1224 1009 1322 1094 super
1337 1031 1403 1074 em·

285 1111 379 1180 ¹rtem
404 1104 591 1154 uenturam
611 1092 653 1155 ad
674 1111 774 1162 eum,
799 1089 857 1178 qui
879 1091 977 1178 super
998 1089 1111 1155 omnia
1133 1093 1312 1165 exaltatur,
1333 1093 1403 1156 sub·

299 1176 431 1244 levaret
454 1173 536 1238 alter
555 1194 636 1238 rere
658 1175 770 1238 adbuc
790 1172 827 1238 in
847 1195 947 1240 earne
963 1172 1096 1238 mortali
1112 1173 1321 1248 constitutur,
1343 1173 1403 1239 ini·
1458 1149 1459 1234 l

135 1271 138 1288 ¹
226 1320 228 1340 ι
302 1255 387 1322 tium
418 1271 663 1324 tormentorum
696 1257 830 1324 suorum
852 1256 890 1322 in
910 1273 1043 1322 aeterna
1066 1256 1216 1332 tristitia,
1251 1257 1403 1356 insipien

301 1340 369 1405 tiae
391 1340 467 1404 suae
488 1339 633 1426 ealigine
654 1342 853 1406 obcaecatur
873 1362 943 1406 non
966 1340 1088 1424 sentit3
1110 1343 1164 1406 ne'
1178 1361 1224 1405 ue
1243 1361 1283 1407 eo
1322 1357 1401 1416 aaut,

289 1425 391 1512 'quod
428 1424 522 1487 fimul
553 1438 587 1486 et
607 1423 872 1510 inseparabiliter
892 1428 993 1504 hujus
1014 1423 1106 1487 vitae
1127 1364 1268 1489 diliciae
1304 1423 1404 1488 taturi·

300 1530 366 1594 que
397 1509 529 1572 doloret
548 1522 760 1583 naseuntur,
798 1510 878 1572 dum
911 1510 1020 1573 adhuc
1048 1506 1087 1570 in
1117 1529 1217 1573 carne
1246 1509 1401 1581 versatur,

298 1611 417 1656 verum
442 1593 521 1655 dum
543 1589 583 1654 in
601 1590 769 1678 praesenti
789 1590 891 1656 stadio
910 1607 1139 1666 concurrunt,
1162 1593 1251 1656 totae
1268 1591 1404 1656 deliciae

301 1671 521 1760 diligentibus
543 1694 597 1738 eae
619 1673 784 1749 arrident,
809 1690 843 1738 et
860 1673 950 1742 inter
972 1695 1025 1738 eae
1047 1675 1160 1741 sutura
1181 1674 1404 1760 uilliuaseip·

299 1759 371 1822 sam.
395 1756 504 1821 latitat
517 1777 535 1831 t·
559 1760 638 1821 dum
660 1778 740 1822 vero
762 1759 803 1822 ad
826 1757 928 1822 linem
949 1757 1098 1823 mortalia
1120 1757 1233 1824 eursue
1254 1757 1404 1845 perreni-

297 1857 372 1917 tur,
406 1840 641 1905 deficientibua
662 1840 794 1916 deliciis
816 1842 884 1906 sola
905 1842 963 1906 illa
986 1840 1139 1916 tristitia,
1172 1863 1261 1928 qnae
1279 1845 1403 1921 indta·

299 1928 381 1990 dum
406 1925 537 1990 occulta
560 1923 724 1988 noveleti
748 1924 895 1988 extincta
915 1923 1115 2012 putabatbr,
1151 1923 1401 2012 inextinguibib'

298 2009 433 2082 ardore,
457 2010 523 2070 boc
545 2007 590 2070 eli
609 2006 796 2105 eupiditate
809 2007 1011 2080 libidinum,
1033 2029 1115 2094 quaa
1160 2008 1337 2081 erdidrrat,
1358 2010 1404 2071 lta·
1458 1989 1459 2024 ¹

297 2089 401 2177 gebit.
446 2089 537 2153 Hine
558 2089 758 2174 apertrffitne
774 2089 938 2166 efficitur,
948 2089 1049 2156 nibil
1062 2032 1156 2155 alini
1167 2094 1404 2177 appetendum,

297 2171 360 2236 nili
382 2172 543 2259 gaudium
564 2175 606 2236 de
627 2172 788 2247 veritate,
812 2173 958 2260 quaeest
976 2171 1141 2255 Ghrillue3
1165 2193 1198 2238 et
1212 2175 1299 2238 nibil
1315 2174 1406 2239 aliud
1458 2187 1459 2234 ζ

298 2254 518 2342 sepiendum,
541 2255 695 2335 niliejm
718 2257 919 2330 absentiam,
949 2279 1037 2343 qnae
1057 2257 1099 2320 ell
1119 2279 1188 2325 una
1211 2279 1251 2322 ae
1270 2258 1338 2323 sela
1360 2274 1408 2322 tn·

259 2365 261 2369 ’
297 2338 368 2403 tiue
387 2339 482 2404 causa
506 2354 659 2404 aeternae
681 2338 840 2404 tristitiae.
883 2342 982 2404 Tolle
1004 2361 1022 2405 a
1046 2364 1104 2406 me
1122 2339 1307 2416 Chrislum,
1330 2342 1406 2405 nul·
1458 2359 1459 2412 t

295 2425 517 2486 lum-bonum
539 2421 622 2486 milti
645 2423 847 2497 remanebit,
887 2425 1018 2497 nullum
1041 2439 1246 2489 tormentum
1268 2445 1327 2488 me
1346 2441 1409 2488 ter-

82 2549 86 2570 .
164 2514 182 2580 ⁶,
295 2520 369 2570 reta
404 2511 474 2585 ejue
496 2505 656 2593 liquidem
678 2507 823 2592 privatio
847 2520 881 2570 et
903 2506 1177 2572 absentiatotiua
1197 2505 1409 2572 rationabilia

295 2605 466 2654 creaturae
498 2604 703 2654 tormentum
734 2589 793 2666 eil,
826 2606 860 2654 et
895 2587 1028 2656 nullum
1048 2591 1141 2655 aliud
1164 2591 1296 2678 opiner.
1342 2592 1410 2655 Sed
1458 2583 1459 2642 l

296 2675 339 2737 de
361 2671 413 2736 bie
435 2674 540 2737 multa
563 2671 629 2738 dici
676 2673 805 2748 olluntr
829 2675 1006 2738 redeamua
1026 2676 1068 2738 ad
1090 2695 1148 2749 ea,
1171 2675 1407 2772 quaerebant.

296 2757 349 2818 M.
368 2755 567 2841 Priusquam
590 2759 631 2824 ad
651 2697 754 2820 inem
768 2755 950 2842 praesentia
966 2756 1045 2821 libri
1058 2778 1307 2843 perrenramue,
1325 2779 1410 2844 pau-
1458 2797 1459 2846 j

295 2859 351 2912 ea,
380 2854 421 2902 att
452 2839 618 2914 existimo,
651 2839 794 2904 dicenda
821 2840 899 2904 sunt
929 2841 1084 2904 adreisaa
1116 2862 1193 2914 ene,
1225 2839 1285 2928 qni
1306 2839 1410 2905 nebit
1458 2853 1459 2870 ¹

297 2919 473 3002 obiiciunt
517 2927 652 2988 uaedam
676 2921 812 2988 divinae
832 2923 1024 3008 Scripturae
1044 2923 1244 3001 sententiar,
1282 2923 1410 3010 quibua

295 3021 462 3071 tenantur
484 2944 623 3070 alutaere
644 3004 807 3072 sensibilia
828 3005 891 3070 itta
908 3007 1290 3094 elementa-,totamque
1309 3031 1413 3072 nun·

294 3091 401 3154 danae
421 3089 519 3156 molle
540 3087 799 3176 amplitudinem
817 3090 946 3175 semper
967 3089 1181 3164 mansuram,
1197 3090 1286 3154 intra
1306 3113 1413 3176 quam

291 3175 518 3236 bumanorum
541 3193 675 3259 quoque
698 3193 876 3258 corporum
888 3173 967 3320 poll
980 3171 1270 3259 regenerationem
1290 3173 1415 3238 stellio·

121 3255 127 3268 ’
162 3263 164 3278 ’
264 3255 1415 3425 ‡panzppgfflmnacssgpffimp3333333311335[3333

293 3419 483 3485 tranaitura
527 3420 633 3486 Aiunt
661 3415 799 3508 itaquet
836 3420 873 3486 si
905 3423 1046 3487 eoelum
1071 3432 1106 3486 et
1125 3438 1215 3487 aena.
1231 3423 1415 3510 peribunt,

294 3501 343 3568 ita
363 3503 509 3569 utnihil
532 3508 574 3570 de
595 3505 847 3591 corporalitate,
869 3505 923 3570 rel
945 3505 1135 3581 localitate,
1159 3508 1215 3570 vel
1237 3509 1282 3572 de
1302 3529 1416 3594 quan·

209 3597 211 3604 '
292 3585 412 3664 litate,
441 3590 497 3653 vel
529 3591 571 3652 de
599 3587 750 3654 motilena
771 3587 1026 3673 temporalibua,
1061 3589 1115 3654 rel
1137 3589 1328 3666 loealibua,
1359 3591 1415 3654 vel

170 3675 173 3684 '
291 3672 337 3736 da
368 3669 484 3758 spatiia
510 3670 805 3758 magnitudinum,
836 3671 892 3738 rel
923 3673 965 3737 de
991 3671 1177 3738 intervallis
1196 3673 1417 3760 pofitionuar

289 3752 946 3925 mutarentur
965 3753 1418 3907 uum

293 3935 329 3984 et
351 3936 457 3989 terrae
476 3945 550 3990 non
593 3922 780 3990 remittitur
799 3921 997 4001 destructio,
1019 3931 1138 3990 verum
1161 3923 1262 3990 etiam
1286 3924 1327 3990 in
1353 3945 1416 3990 nn

289 4002 432 4071 vitatem
475 3947 645 4095 queniam
670 4023 762 4074 eerta
787 4005 985 4096 perhibetur
1014 4005 1220 4098 restauratioa
1270 4007 1416 4094 Qnffina

283 4087 551 4176 respondemur,
581 4089 927 4180 quaeunt-affine·
955 4088 994 4154 in
1023 4087 1344 4179 &metesuiptura
1365 4093 1415 4156 lo·

289 4173 642 4257 numdandum,
664 4171 1411 4264 totttnapatte·fipifiean',‚relparfln
