2922 4978
968 171 972 184 '
991 197 1002 230 t

403 255 406 264 ’
481 261 588 334 tuter
608 261 771 370 Mtte.
1105 265 1186 336 448

72 468 152 513 cnm
176 445 248 532 ipsc
270 463 359 512 unua
381 443 534 533 spirituc,
557 455 592 512 ct
612 439 769 525 animur,
795 461 834 530 et
854 449 965 524 Deua,
989 449 1144 536 absorpto
1165 473 1184 515 a

73 530 143 595 vita
173 545 207 594 et
236 526 370 602 mortali
402 545 436 594 et
467 528 620 595 fluenti.'’
664 535 774 617 Quam
796 531 995 596 sententiam
1018 533 1184 600 Maximae
1218 576 1221 583 ,

72 615 274 701 explanant:
313 627 378 712 „ut
399 613 509 689 enirn,
531 613 664 700 inquit,
688 616 841 715 absorpta
863 615 907 680 est
928 635 988 700 per
1008 632 1185 700 peccatum

71 719 150 764 caro
172 719 191 762 a
213 717 310 765 corru
335 713 452 773 trone.
476 719 495 764 a
518 717 618 764 cerne
638 719 718 764 vero
741 720 852 764 anrma
873 714 1004 762 terrena
1021 699 1186 786 operatio·

70 781 174 846 nibue
203 780 270 845 fnit
316 796 405 857 acta;
435 783 477 846 ab
499 779 611 850 anima
635 798 747 848 eutem
768 805 829 869 per
851 783 1115 860 consummatam
1136 781 1185 870 ig·

71 864 266 930 norantiam
289 859 441 964 cognitio
464 863 545 942 Deir
584 879 624 930 ut
647 888 758 954 neque
781 867 803 930 fi
825 869 917 929 Deue
936 865 983 929 cll
1004 886 1186 951 cognosce-

70 964 141 1014 ret:
176 949 233 1012 Sic
261 969 402 1012 omnmo
430 963 582 1035 ternpore
609 949 861 1016 resurrectionis
892 950 1076 1014 secundum
1098 951 1186 1016 b‘ene

70 1033 221 1099 futuram
248 1032 498 1098 conrerfionern
520 1033 556 1101 in
580 1031 708 1120 Spiritu
732 1037 875 1107 Sancto,
897 1053 959 1118 per
979 1025 1119 1130 g'ratieru
1137 1032 1188 1100 in·
1225 1051 1256 1110 ·.

69 1115 200 1182 carneti
223 1114 287 1180 Dei
310 1116 539 1192 absorbebitur
560 1137 636 1182 caro
660 1121 700 1182 ab
722 1116 835 1184 anima
857 1115 893 1180 in
914 1114 1050 1203 lpirrtut
1073 1117 1187 1184 anime

70 1220 155 1264 vero
175 1221 196 1266 a
218 1203 307 1275 Deo,
336 1198 395 1286 qui
417 1200 461 1264 ell
482 1222 562 1266 vere
584 1200 672 1267 vitat
702 1200 812 1287 ipsum
834 1199 960 1346 quifipe
982 1199 1187 1287 fingulariffi·

70 1289 167 1346 nium
191 1305 251 1369 per
273 1282 387 1348 ornnia
407 1299 519 1352 totum
542 1300 612 1350 tota
634 1283 746 1353 aniana
768 1283 895 1350 manase
921 1281 1110 1350 ehabitura
1128 1283 1184 1352 est.

69 1369 117 1431 Et
140 1366 333 1452 [impliciter
355 1367 538 1434 dicendum
558 1391 619 1454 per
640 1370 891 1434 converfionetn
913 1389 931 1430 a
955 1367 1188 1452 praesentibue

71 1450 162 1517 circa
184 1471 269 1538 quae
291 1472 385 1522 nturc
406 1450 531 1527 sumne,
554 1468 588 1516 et
609 1451 859 1526 convolvimur,
883 1450 997 1517 omnia
1017 1449 1055 1515 in
1071 1452 1187 1516 futuro
1245 1531 1248 1538 Ι

7 1553 8 1556 ’
71 1536 224 1600 ostendet
246 1556 332 1621 quae
353 1534 459 1600 nostra
481 1536 560 1600 sunt
580 1535 650 1622 ipsa
673 1534 808 1611 divina,
843 1533 1096 1605 resurrectionie
1118 1555 1189 1621 gre·

70 1620 138 1685 tia:
161 1636 200 1682 ut
221 1621 304 1686 licut
325 1617 382 1684 bic
401 1641 465 1684 noe
491 1621 648 1708 ablorpfit
670 1640 761 1685 more
782 1618 893 1683 valida
915 1639 976 1704 per
995 1622 1185 1715 putatu,

70 1705 118 1768 fic
148 1702 220 1768 illic
249 1703 306 1768 illa
326 1703 408 1782 juste
428 1702 598 1770 infirmata
621 1704 811 1790 deponatur
838 1723 899 1788 per
917 1707 1093 1798 gratiana-’⁹
1136 1706 1188 1768 ln·

7 1783 9 1794 '
70 1803 168 1850 tuere
189 1801 290 1872 quarn
312 1789 399 1852 clare
421 1802 456 1862 et
477 1803 590 1872 aperte
603 1786 753 1872 'praefati
776 1788 927 1930 theoloLgr
944 1784 1091 1852 reditura
1117 1806 1188 1850 cor·

71 1873 166 1956 potio
189 1870 226 1937 in
252 1871 396 1936 animam
418 1868 659 1936 incunctanter
680 1873 834 1936 edocent
908 1883 921 1932 t
942 1891 986 1934 ne
1008 1867 1083 1954 quie
1099 1869 1188 1934 forte

69 1975 136 2025 noe
160 1955 324 2020 erillimet
344 1954 477 2020 nullutn
503 1953 644 2029 laafinee
665 1953 802 2040 linguae
824 1967 996 2017 auctorem
1017 1950 1077 2038 qui
1106 1951 1188 2020 ltuic
1292 1969 1296 1978 ·

68 2037 199 2106 rationi
227 2034 633 2116 adunationianaturee,
664 2039 732 2102 hoc
760 2035 803 2100 est
831 2039 874 2102 de
904 2033 1019 2100 reditu
1049 2033 1187 2104 inierio·
1271 2055 1278 2070 ’

69 2145 149 2186 rum
168 2121 206 2186 in
229 2121 398 2209 superiora
419 2120 563 2196 faverit,
586 2121 676 2206 polle
697 2117 871 2184 inveniret
904 2118 1003 2186 Beati
1026 2117 1188 2186 Ambrofii

70 2206 274 2274 sententiam
296 2205 512 2270 introducere
534 2203 697 2270 convenit
717 2203 753 2270 iu
771 2203 978 2289 expolitione
994 2201 1030 2271 iu
1048 2205 1187 2279 Lucam,
1277 2231 1285 2246 ·

72 2310 115 2354 eo
137 2288 222 2365 loci,
257 2289 318 2354 ubi
338 2293 381 2356 de
402 2287 545 2354 muliere
566 2287 623 2356 illa
644 2287 847 2372 Euangeliou
872 2302 1009 2360 tractat,
1035 2285 1100 2352 tria
1120 2287 1188 2351 [ata

72 2371 199 2437 fimilee
237 2375 484 2444 abscondente.
529 2373 638 2436 donec
678 2370 963 2438 fermentarentur
990 2369 1027 2436 in
1059 2391 1187 2436 uncant

6 2483 7 2490 ¹
70 2456 291 2542 ,‚Apollnlue‚
327 2452 459 2542 inquit,
491 2452 622 2520 nonin
646 2473 763 2528 carne,
794 2452 908 2518 sedin
933 2453 1051 2539 spiritu
1073 2457 1188 2518 ambu-

70 2541 142 2604 lare
165 2557 227 2606 uae
249 2561 327 2626 prae
393 2538 439 2622 itt
462 2553 501 2602 ut
523 2535 721 2625 sanctificati
742 2558 804 2620 per
824 2538 994 2603 lavacrum
1014 2558 1188 2621 regenera-

71 2621 179 2692 tinnit
201 2639 349 2692 veterem
397 2619 544 2690 ominem
568 2619 733 2688 cuminis
756 2617 925 2687 defideriie
943 2635 1115 2690 exuentes.
1138 2621 1188 2686 in·

71 2704 150 2771 doti
168 2727 300 2774 norunt
322 2705 381 2795 qni
404 2705 587 2772 secuudum
609 2703 776 2770 Christum
799 2717 955 2776 meatur,
980 2723 1052 2768 non
1074 2701 1110 2766 in
1132 2724 1187 2768 re·

70 2789 193 2854 tustate
220 2790 355 2865 literae,
391 2787 514 2854 sed‘in
544 2785 681 2873 spiritus
700 2785 855 2853 novitate
876 2783 1086 2871 gradiamur,
1119 2809 1187 2873 quo
1246 2831 1253 2840 -

68 2869 177 2960 poffit.
193 2874 293 2940 nubit
314 2871 567 2940 resurrectionis
589 2887 741 2956 ternpore
756 2870 953 2954 incorrupta
970 2868 1132 2956 eorporis,
1154 2885 1200 2936 et·

71 2957 208 3022 animae
240 2973 275 3024 et
302 2957 436 3044 spiritur
469 2976 605 3024 manere
638 2953 868 3022 cummunio.”
910 2956 955 3019 Et
981 2954 1084 3040 paulo
1105 2953 1186 3053 post.

68 3043 215 3126 „ltaque
242 3041 266 3106 fi
296 3041 333 3104 in
357 3043 420 3106 hac
440 3039 511 3105 vita
532 3053 598 3106 tree
619 3039 812 3112 mensurae,
845 3036 995 3124 corporis
1016 3036 1187 3116 ridelrcet,

71 3123 288 3199 catonianae,
321 3139 356 3188 et
384 3123 535 3211 spiritate,
572 3123 608 3187 in
628 3125 752 3190 ,eodem
774 3122 963 3196 fermento,
995 3123 1061 3189 hoc
1085 3122 1129 3186 est
1149 3122 1187 3186 in

67 3206 206 3271 unitate
238 3207 391 3272 ecclefiae
418 3205 685 3296 permanserint,
734 3206 1120 3272 donecvfermententur
1154 3221 1188 3270 et

69 3291 160 3356 fiant
179 3312 304 3364 unum,
329 3307 368 3355 ut
389 3290 628 3377 aequalitatum
650 3291 743 3354 nulla
767 3288 919 3354 distantia
938 3290 994 3362 lit,
1018 3311 1083 3356 nec
1099 3311 1188 3354 com·

100 3373 173 3438 oliti
196 3395 236 3440 err
260 3373 361 3440 trium
387 3373 574 3438 diverfitate
595 3373 790 3438 videamur:
821 3371 885 3438 erit
906 3371 943 3440 in
966 3374 1117 3440 futurum
1141 3373 1189 3437 rli·

67 3397 258 3544 figentibue
282 3457 459 3538 Christum,
471 3457 667 3543 incorrupta
689 3455 905 3535 communio,
928 3476 993 3520 nec
1013 3455 1188 3541 compotiri

68 3541 297 3606 manebimue.
341 3543 429 3606 Nam
458 3555 492 3606 et
513 3541 572 3688 oui
594 3539 770 3638 composui
790 3561 885 3606 nunc
906 3541 1043 3612 iamne,
1080 3561 1187 3604 unum

68 3623 217 3700 erimus,
254 3640 288 3690 et
315 3624 351 3690 in
386 3645 490 3690 unam
537 3624 735 3688 ubstantranr
759 3621 1081 3689 transformabimur.
1124 3624 1189 3686 Ne·

71 3729 143 3796 que
173 3707 263 3774 enim
294 3707 330 3774 in
352 3707 597 3774 resurrectione
619 3707 712 3772 aliud
734 3705 799 3772 crit
818 3705 885 3772 alio
907 3704 1071 3778 inferius,
1107 3705 1189 3770 ficut

67 3811 168 3856 nunc
189 3791 316 3880 fragilia
336 3789 374 3858 in
396 3789 496 3860 nobie
522 3791 566 3856 est
589 3790 698 3856 carnit
719 3789 917 3866 infirmitat,
950 3803 985 3854 et
1003 3787 1204 3890 corporalit-
1290 3799 1308 3812 ’

6 3921 10 3930 -
67 3873 239 3942 habitudo
266 3891 406 3944 naturae
437 3875 493 3942 rel
515 3874 714 3942 vulneribtu
728 3889 848 4022 lfatet,
884 3875 941 3938 rel
961 3871 1095 3952 inluriu
1116 3873 1188 3937 lub-

69 3965 180 4040 jacet.
210 3962 266 4024 vel
298 3958 350 4024 lui
379 3958 491 4026 ouerie
512 3961 602 4026 mole
626 3961 789 4058 depreUa,
827 3956 925 4045 supra
946 3971 1048 4021 terrae
1068 3954 1190 4056 nequit

70 4045 235 4110 extollere
271 4042 369 4110 altine
392 4057 493 4132 atque
514 4045 644 4134 elevare
665 4039 859 4128 vellrgium:
893 4039 1007 4106 sedin
1030 4039 1188 4188 fimf¹¹⁰l⁸

7 4137 12 4145 '
70 4142 247 4194 creaturae
281 4126 422 4214 gratiani
450 4127 707 4212 figurabimur,'
727 4145 807 4191 oum
841 4144 917 4190 corn
938 4127 1049 4223 'letunr
1102 4138 1189 4188 nent

72 4214 169 4298 quud
191 4209 321 4280 uictum
344 4210 388 4278 eli
409 4231 429 4278 a
452 4215 605 4280 iohanne
625 4231 698 4298 cap.
713 4219 745 4291 5.
776 4209 878 4276 Nunc
935 4231 961 4274 rr
982 4209 1046 4273 Der
1065 4209 1187 4282 lurnue,
