2854 4978
443 241 730 316 marnam.
789 241 796 257 “
986 264 997 284 ’
1052 241 1146 360 ¹826

58 434 126 498 dam
145 428 293 495 audimur
314 425 429 495 omnia
441 428 484 492 de
496 427 607 494 nihilo
622 427 738 505 meari,
752 425 815 494 nifi
831 427 910 516 quia
923 441 994 494 erat
1002 429 1154 517 ,quando

56 537 115 579 uon
135 527 247 578 erant.
270 514 417 598 Ideoque
437 533 508 576 non
522 511 712 600 incongrue
732 511 876 580 dicimus
891 512 1020 600 semper
1036 528 1143 590 eranta

55 599 168 678 semper
192 617 261 660 non
291 611 403 671 erant,
434 611 468 660 et
496 616 566 661 non
590 612 679 671 crat,
710 599 844 683 quando
866 617 936 663 non
960 611 1075 672 erant,
1110 611 1146 664 et

55 684 173 766 quando
194 701 262 746 non
283 696 396 755 erant,
430 694 509 744 crat.
553 677 727 767 Siquidem
749 680 879 768 semper
898 695 994 744 erant
1013 679 1050 746 in
1070 701 1145 753 ver·

53 765 88 828 bo
108 764 158 827 dei
178 762 371 838 causaliter,
407 762 443 827 vi
465 778 500 826 et
520 765 698 849 potestate,
731 765 817 828 ultra
840 763 956 828 omnia
976 764 1051 828 loca
1065 778 1092 840 ,'
1110 777 1146 830 et

54 864 205 932 tempora,
235 843 322 912 uitia
351 867 484 911 omnem
514 847 768 933 generationem
788 845 940 912 localiter
961 859 995 910 et
1016 862 1146 934 tempo·

52 931 148 993 raliter
167 929 306 1004 factam,
329 933 415 994 ultra
437 952 573 998 omnem
595 933 737 998 formam
758 952 798 994 ac
819 929 965 1016 speciem
987 930 1084 994 sensu
1108 945 1144 995 et

51 1013 210 1078 intellectu
231 1012 422 1100 cognitam,
445 1017 532 1078 ultra
554 1037 690 1081 omnem
713 1013 908 1101 qualitatem
929 1028 963 1078 et
977 1011 1145 1100 quantita·

51 1111 124 1170 tem,
151 1112 347 1182 caeteraque
379 1096 566 1162 accidentia
596 1122 657 1186 per
678 1121 764 1187 quae
784 1096 962 1176 substantia
983 1096 1145 1162 uniuscu-

48 1183 152 1326 jusque
181 1195 350 1246 creaturae
378 1180 580 1267 intelligitur
614 1183 687 1248 elie.
732 1180 823 1265 Novi
845 1195 959 1246 autem
981 1179 1065 1268 quid
1085 1180 1144 1244 fita

49 1279 77 1326 et
106 1285 216 1348 emper
236 1284 307 1328 nan
331 1279 436 1328 erant.
477 1265 677 1352 Priusquam
698 1264 791 1330 enim
812 1285 872 1349 per
889 1261 1145 1350 generationem

48 1345 76 1408 in
103 1347 240 1420 formas,
273 1361 306 1410 et
328 1347 477 1434 species,
507 1349 582 1413 loca
603 1365 637 1412 et
658 1347 809 1436 tempora
829 1347 935 1434 inque
956 1346 1072 1412 omnia
1093 1367 1146 1411 ac·

49 1429 198 1504 ridentia,
231 1451 315 1526 quae
346 1447 501 1495 aeternae
533 1453 649 1496 eorum
672 1429 870 1496 substantiae
892 1430 928 1496 in
952 1433 1056 1496 verbo
1078 1427 1146 1496 Dei

47 1511 600 1580 incommunrcabilitersubstitutae
618 1515 794 1588 accidunt,
818 1515 1043 1600 profluerent3
1064 1514 1145 1578 Non

47 1613 126 1660 erant
147 1596 183 1660 in
205 1598 445 1682 generatione,
469 1620 533 1663 nec
556 1615 650 1662 erant
670 1596 840 1673 localiter,
867 1619 931 1664 nec
953 1595 1145 1682 temporali·

46 1693 102 1754 tar,
132 1701 196 1744 nec
219 1680 256 1744 in
278 1681 424 1768 propriis
446 1681 563 1747 formio
585 1680 826 1769 speciebusque
848 1681 970 1766 quibua
992 1677 1146 1746 acciden-

46 1761 83 1826 tia
110 1763 332 1850 coatingunt;
368 1768 416 1830 Ac
446 1789 506 1851 per
537 1768 603 1830 hoc
631 1787 704 1830 non
733 1763 1011 1832 irrationabiliter
1031 1766 1073 1828 de
1095 1762 1144 1828 eie

45 1846 264 1930 praedicatur,
293 1868 365 1912 non
395 1865 466 1913 erat
495 1851 630 1935 quando
660 1870 733 1913 non
766 1863 878 1927 erant,
916 1843 1146 1933 temporaliter

47 1929 122 1996 enim
142 1930 394 1996 inchoaverunt
415 1954 475 2019 per
497 1931 749 2019 generationem
767 1932 829 2018 elie
846 1932 938 2017 quod
950 1951 1020 1996 non
1036 1945 1144 2007 aaut
1228 1959 1231 1974 ¹

47 2013 109 2097 qnia
128 2014 260 2112 semper
281 2013 317 2078 in
336 2018 440 2080 verbo
463 2016 528 2080 Dei
549 2017 742 2091 subsistunt,
772 2015 809 2080 in
833 2035 900 2102 quo
920 2035 986 2080 nce
1008 2015 1071 2078 effe
1092 2012 1146 2079 iu·

45 2093 176 2180 cipiunt;
199 2096 340 2162 infinita
362 2099 405 2162 eil
427 2099 518 2164 enim
543 2098 733 2164 aeternitas.
767 2101 813 2162 Et
835 2112 906 2162 erat
921 2100 1056 2185 quando
1071 2117 1145 2162 non

44 2197 138 2244 erant:
166 2180 401 2266 temporaliter
430 2183 520 2248 enirn
542 2181 791 2248 inchoaverunt
808 2203 869 2268 per
912 2180 1145 2249 encrationem

44 2263 95 2328 else
114 2267 203 2350 quod
228 2286 299 2329 non
321 2281 434 2330 erantr
462 2270 529 2332 hoc
551 2267 608 2345 est,
636 2267 673 2331 in
696 2265 815 2331 formio
837 2282 871 2329 et
888 2205 1066 2353 ipeciebua
1089 2283 1148 2350 ap·

43 2367 150 2430 parere.
192 2347 409 2424 Proinde,1i
453 2350 506 2414 uia
528 2368 682 2416 naturam
704 2373 816 2415 rerum
837 2348 990 2426 intentur
1013 2348 1145 2434 perspe·
1246 2421 1249 2427 ,

43 2432 131 2518 terit,
163 2433 261 2498 nulla
281 2447 402 2496 natura
427 2372 570 2498 issenfibua
592 2435 650 2500 seu
671 2431 900 2500 intellectibut
922 2433 1152 2496 succumbent

43 2514 235 2600 reperietur,
263 2517 304 2578 de
325 2537 392 2602 qua
413 2516 577 2582 veraciter
598 2516 667 2583 dici
687 2537 759 2582 non
777 2514 894 2604 poilit,
917 2515 1047 2599 semper
1062 2530 1144 2590 erat,

42 2611 70 2658 et
93 2599 151 2676 est„
186 2615 225 2666 et
254 2597 335 2673 erit,
370 2614 404 2662 et
429 2601 558 2696 semper
584 2623 655 2665 non
680 2615 766 2675 erat.
796 2619 862 2664 nec
884 2598 945 2673 esi,
978 2617 1044 2662 nec
1066 2597 1143 2662 erit.

43 2677 199 2776 Siquidem
225 2680 593 2749 incommunicabiliter
615 2700 649 2748 et
670 2699 759 2760 erat,
792 2697 827 2746 et
849 2681 910 2758 esi,
934 2695 968 2744 et
989 2679 1054 2744 erit
1073 2680 1149 2768 ipsa'

41 2785 133 2906 prima
161 2765 360 2832 constitutio
388 2764 428 2832 in
458 2764 621 2850 sapientia
643 2765 710 2830 Dei
731 2788 793 2852 per
813 2761 1046 2850 primordialea
1067 2783 1147 2830 cau·

53 2867 98 2911 aa:
131 2849 186 2914 sed
243 2847 400 2934 uia.ipsa
422 2848 615 2914 constitutio
638 2849 697 2914 soli
719 2852 794 2913 Deo
817 2845 955 2934 cognita
978 2845 1040 2921 est,
1075 2867 1146 2928 om·

41 2950 107 2994 aem
127 2871 363 2998 rero‘iensum
385 2947 420 2997 et
441 2932 651 2996 intellectum
674 2931 779 2996 totiue
803 2946 975 3011 creaturae
999 2929 1144 3016 superat,

41 3033 56 3074 a
80 3016 241 3102 nulloque
271 3018 382 3080 adhuc
412 3011 590 3080 intellectu
619 3031 732 3080 creato
753 3012 914 3102 cognosci
934 3011 1042 3099 potest
1062 3011 1147 3100 quid

40 3095 88 3172 fit,
108 3097 235 3186 incipit
254 3121 314 3183 per
335 3098 590 3186 generationem
612 3098 842 3184 temporaliter
864 3095 1016 3183 accipere
1040 3116 1147 3184 quan·

40 3177 139 3246 titateo
161 3201 197 3247 et
219 3181 416 3269 qualitates,
439 3181 475 3247 in
494 3181 617 3269 quibua
631 3181 740 3248 veluti
755 3181 957 3269 quibusdam
971 3179 1147 3246 vestimen·

40 3260 76 3325 tia
108 3283 247 3354 operta,
297 3265 405 3354 potest
443 3265 651 3331 manifestare
689 3265 769 3353 quia
801 3265 886 3344 est,
912 3284 986 3330 non
1030 3279 1145 3332 autem

41 3347 112 3430 quid
132 3350 181 3414 srt.
228 3353 369 3415 Inchoat
394 3369 473 3437 ergo
496 3353 770 3436 quoddammodo
792 3350 871 3424 esse,
894 3369 965 3414 non
988 3346 1026 3412 in
1040 3369 1146 3436 quarr-

40 3442 102 3494 tum
121 3431 157 3498 in
181 3431 458 3520 primordialibus
481 3434 582 3498 caufia
604 3431 759 3510 subfiilit,
783 3431 897 3498 sedin
919 3447 1085 3520 quantum
1104 3453 1146 3498 ex

40 3517 270 3600 temporalibus
299 3517 402 3582 causta
424 3515 549 3602 incipit
569 3537 739 3603 apparere.
782 3516 905 3582 Causae
926 3523 1042 3578 ‘autern
1062 3529 1167 3604 tem·-

39 3599 157 3739 poralea
189 3599 269 3664 dico
298 3599 476 3697 qualitates
509 3615 543 3663 ct
571 3599 777 3684 quantitates
810 3614 844 3662 et
875 3612 1026 3674 caetera,
1059 3617 1146 3684 quae

52 3681 215 3748 abitantiia
253 3686 414 3748 accidunt
450 3680 681 3770 temporaliter
707 3705 768 3770 per
796 3678 1069 3768 generationem
1111 3693 1147 3744 ct

39 3759 106 3828 ideo
136 3770 180 3832 de
208 3763 252 3831 iia
281 3765 426 3842 dicitur,
459 3782 530 3832 erat
562 3768 698 3852 quando
718 3787 789 3831 uon
813 3778 925 3828 erant:
958 3760 1146 3828 nonenim

39 3843 157 3934 semper
185 3848 226 3913 in
261 3848 495 3916 accidentibus
525 3851 739 3936 apparebant.
797 3851 925 3912 Eadem
950 3845 1083 3912 ratione
1110 3861 1147 3912 et

38 3949 122 3997 nunc
152 3931 316 3998 dicuntur
346 3933 423 4011 elie,
462 3948 497 3998 et
528 3933 622 4009 sunt,
657 3947 691 3996 et
718 3953 797 3994 vere
818 3952 857 3996 ac
878 3931 1007 4017 semper
1030 3931 1146 3998 sunm

39 4010 123 4091 sunt,
154 4015 194 4080 in
224 4033 389 4104 quantum
421 4014 458 4080 in
479 4016 549 4082 luia
569 4015 672 4084 caum
690 4013 875 4081 subsistunt.
917 4017 1145 4102 inquantum

38 4102 109 4162 raro
139 4098 177 4166 in
213 4099 464 4176 accidentibua,
495 4105 593 4188 quae*
614 4099 662 4166 eir
691 4097 895 4166 extrinsecus
925 4095 1043 4164 contin
1093 4110 1144 4175 ut,

40 4178 194 4248 dicuutur
216 4183 299 4261 effe,
321 4205 386 4254 nec
405 4199 519 4252 tamen
540 4207 639 4261 vera,
661 4204 728 4251 nec
743 4180 970 4273 sempersttut·
1000 4183 1023 4252 S
1060 4201 1144 4250 vura·
1252 4279 1255 4286 Ι
1312 4217 1317 4236 ·

544 4292 694 4370 '’id
