2922 4978
476 269 584 341 Libo·
604 269 766 354 Quorum
1030 165 1035 193 ¹
1085 271 1186 344 m

224 545 226 553 ,
266 424 541 588 ‘moun
586 454 935 566 ouluuus.
1308 416 1311 424 ’

73 639 101 681 ι.
123 618 171 684 Μ.
265 643 326 685 zato
346 640 422 703 ergo
443 613 594 708 neforto
612 621 730 684 mittut
743 612 995 710 manumJuom,
1015 633 1050 686 et
1061 618 1171 712 sumat

206 745 210 760 ι
285 707 385 768 etiam
406 704 449 767 de
467 707 557 786 siguo
577 705 688 781 vitoe,
712 718 746 768 et
766 705 936 776 comedar,
956 718 998 767 'et
1017 708 1115 768 vivat
1136 711 1171 770 in

69 798 247 852 uatmmm.
288 791 419 853 Horum
439 790 617 852 verborum
637 787 831 886 priuaquam
847 786 1079 874 propheticam
1092 810 1171 854 eou-

70 871 274 955 templerum·
292 871 470 948 virtutem,
494 892 560 969 qua
580 869 836 936 manifestrffime
857 870 984 938 reditus
1005 875 1172 936 humanae

70 968 212 1040 naturpe
241 954 277 1018 in
301 957 439 1018 eandem
460 953 674 1027 selroitatem,
707 974 806 1040 quarn
826 956 998 1039 peccando
1019 955 1171 1040 perdide·

65 1049 137 1108 rat,
160 1037 384 1121 promittitur;
408 1036 513 1100 totiua
533 1036 673 1122 oapituli
688 1041 770 1104 ordo
786 1037 1095 1124 praemonstrandum
1111 1040 1171 1115 ess,

66 1115 105 1181 in
129 1137 197 1202 quo
218 1142 372 1208 magnam
395 1121 602 1207 Prophetum
623 1120 799 1204 Moysenh
848 1119 991 1184 erbatice
1007 1122 1169 1201 locutum,

69 1199 224 1288 quiaquia
245 1218 342 1268 acute
362 1203 585 1291 prospexerit,
609 1200 773 1270 inveniet.
840 1207 900 1268 rdo
922 1202 1036 1290 itaque
1055 1187 1177 1270 verbo!

69 1305 148 1346 rum
177 1286 251 1351 talia
283 1288 335 1352 ess.
378 1287 498 1362 „Fecit
525 1307 660 1373 quoque
687 1285 855 1352 Dominus
876 1290 969 1352 Deua
990 1289 1115 1354 Adamo
1138 1305 1174 1353 et

67 1365 171 1514 papati
191 1371 415 1518 epuattunippa
438 1369 612 1518 pellplceaa,
645 1383 679 1435 et
698 1369 968 1519 ind'ii·⁰⁰⁸i;‡⁸
989 1369 1058 1518 aitfir
1083 1377 1173 1437 Eece

124 1471 177 1513 am
221 1475 314 1519 aeuo
346 1477 364 1520 e
400 1500 410 1527 ,
465 1475 507 1516 ua
560 1475 648 1518 unua
679 1475 719 1518 ex
748 1476 794 1519 no
817 1475 857 1520 ta.
967 1474 1031 1518 emr
1059 1471 1171 1520 teum

68 1531 241 1600 Dominae
263 1542 356 1604 Deua
379 1540 421 1602 de
441 1477 613 1624 garadiso,
636 1533 675 1600 u't
696 1553 888 1624 operaretur
908 1553 1026 1602 terram
1052 1542 1093 1603 de
1106 1560 1172 1625 qua

68 1617 200 1683 sumtus
224 1621 276 1683 est.
318 1624 421 1687 Nunc
443 1641 587 1707 ergone
607 1621 694 1702 sorte
714 1617 828 1686 mittat
846 1641 984 1686 ananum
1000 1621 1115 1696 suam,
1138 1637 1173 1686 et

68 1701 179 1763 sumat
201 1703 301 1768 etiam
325 1709 366 1769 de
389 1703 483 1790 ligno
497 1701 603 1780 vitae,
627 1719 661 1768 et
676 1705 846 1777 comedat,
871 1720 905 1769 et
914 1705 1007 1768 vivat
1018 1703 1054 1768 in
1071 1721 1172 1782 aeter·
1268 1755 1270 1763 ,
1363 1717 1367 1726 “

66 1804 166 1846 uum.
207 1786 383 1874 Ejecitque
411 1790 593 1860 ddamum,
622 1801 657 1851 et
686 1787 865 1853 collocavit
886 1803 963 1852 ante
983 1789 1172 1872 paradisum

68 1868 257 1952 voluptatia
287 1870 479 1946 Cherubin,
511 1887 544 1934 et
563 1871 753 1936 flammeum
775 1871 924 1958 gladium
945 1889 1044 1954 atque
1065 1873 1172 1937 versa·

66 1947 166 2012 tilem
200 1955 242 2018 ad
270 1953 519 2019 custodiendam
545 1952 634 2018 viam
661 1954 747 2042 signi
775 1953 876 2018 vitae.
926 1957 1028 2040 Quod
1057 1955 1172 2043 itaque

65 2030 232 2112 seriptum
256 2037 314 2123 est3
335 2061 417 2101 nuno
438 2060 514 2120 ergo
535 2033 685 2127 neforto
706 2042 823 2102 mittat
842 2031 1085 2188 monumluom,
1108 2053 1172 2104 etc.

65 2116 178 2262 prpsset
198 2120 314 2185 venire
328 2121 365 2185 in
381 2121 574 2208 ambiguum
588 2126 683 2202 eujus
691 2122 853 2220 personae
867 2123 955 2188 dieta
993 2138 1042 2198 nt,
1058 2140 1174 2188 utrum

128 2201 205 2266 eolo
230 2201 238 2217 '
259 2205 509 2291 prophetantia,
533 2227 575 2268 au
598 2206 737 2270 Domrni
750 2206 936 2292 loquentia:
958 2209 1066 2272 sinon
1081 2229 1173 2292 aper·

66 2298 103 2346 te
134 2281 171 2347 iu
229 2288 424 2375 eptuaginta
452 2287 603 2353 editione
624 2289 897 2375 distingueretur,
928 2289 965 2354 in
987 2312 1051 2378 qua
1074 2289 1174 2376 scrip·

66 2381 144 2430 tum
166 2369 227 2446 ess,
249 2385 284 2436 et
303 2395 386 2436 nune
406 2375 511 2454 inquit
531 2375 645 2445 Deus,
666 2373 904 2456 utaliquando
927 2377 1088 2438 extendat
1107 2395 1174 2438 ma·

67 2473 163 2528 ruam,
186 2469 219 2517 et
235 2453 347 2547 sumat
367 2458 409 2518 do
428 2457 518 2538 ligno
537 2459 651 2520 virae.-
678 2455 807 2520 nemini
829 2472 941 2521 tamen
963 2458 1033 2522 vim
1054 2460 1174 2523 verbo·

66 2555 146 2598 rum
175 2541 261 2603 clare
281 2538 490 2604 intuentium
511 2537 547 2603 in
572 2537 693 2612 dubio,
722 2554 760 2602 ut
781 2539 956 2617 arbitror„
972 2540 1054 2615 erit,
1088 2539 1172 2628 quin

65 2617 217 2686 reditum
238 2638 377 2687 naturae
397 2626 564 2686 humanae
583 2619 621 2685 iu
641 2622 732 2684 suam
754 2621 989 2708 antiquitatem
1005 2626 1088 2686 haec
1100 2643 1172 2685 ver.-

65 2703 112 2765 ba
136 2724 271 2805 quoquo
288 2708 391 2772 modo
413 2706 476 2769 srnt
497 2703 668 2780 ordinata,
690 2705 936 2790 repromittant.
979 2707 1058 2770 Non
1081 2703 1194 2769 enim·

68 2781 160 2850 mihi
185 2793 345 2855 videntur
365 2788 543 2876 diligenter
564 2787 747 2874 inspicere,
783 2786 842 2875 qui
861 2787 953 2852 illam
973 2787 1179 2876 particulam·

66 2889 157 2953 quae
180 2873 222 2937 est
243 2898 299 2946 uo,
321 2872 469 2959 negandi
485 2871 711 2947 intellectum,
733 2885 928 2956 nonautem
941 2870 1173 2956 interrogandi

67 2971 110 3014 ac
131 2955 238 3019 veluti
258 2955 435 3022 dubitandi
457 2954 494 3018 iu
516 2957 583 3019 hoo
602 2957 678 3020 ioco
701 2953 903 3034 arbitrantur
923 2953 1098 3020 obtineret
1127 2956 1190 3017 Et*

69 3038 165 3134 quod
196 3038 275 3104 ideo
304 3040 457 3125 expulsua
484 3038 522 3101 sit
550 3039 659 3103 homo·
674 3040 717 3101 de
734 3037 906 3123 paradiso,
939 3061 983 3103 ne
1003 3037 1109 3124 posset
1130 3039 1174 3102 de

66 3121 166 3205 lagno
197 3122 286 3186 vitae
316 3124 445 3186 sumere
471 3121 585 3185 vivere
608 3143 651 3184 ue
678 3120 715 3184 iu
745 3136 928 3188 aeternum.
974 3123 1050 3206 Qua
1079 3119 1172 3185 enirn

66 3202 285 3290 poffibisitate
311 3206 383 3292 post
402 3221 577 3291 peecatum
622 3225 744 3268 umana
763 3220 881 3269 natura
904 3207 945 3270 de
964 3204 1060 3292 ligno
1082 3203 1173 3268 vitae

66 3290 198 3351 valeret
218 3288 362 3363 sumere,
386 3309 423 3353 ac
444 3290 637 3362 comedere,
660 3303 694 3351 et
703 3287 817 3353 vivere
828 3286 863 3352 in
882 3305 1066 3363 aeternum,
1088 3309 1174 3352 non·
1243 3327 1249 3340 ·

70 3375 154 3436 dum
176 3371 312 3435 liberata
336 3388 354 3436 a
373 3387 514 3458 peccato
537 3385 571 3434 et
591 3385 699 3436 morte
719 3389 804 3456 quae
826 3372 869 3436 est
887 3370 1171 3458 poenapeccati?

91 3455 207 3517 nando
232 3475 295 3520 nee
317 3453 385 3541 ipsa
407 3471 484 3518 ante
504 3469 679 3540 peccatum
702 3457 744 3518 de
766 3458 884 3520 eodem
901 3455 996 3540 ligno
1010 3456 1067 3518 vel
1081 3473 1177 3540 prae·

67 3477 243 3612 sumserit,
277 3539 330 3602 vel
359 3540 567 3613 comederet;
600 3552 641 3600 ut
670 3537 813 3625 diligent
835 3537 972 3602 divinae
992 3535 1175 3621 scripturae

66 3620 244 3706 inquisitio
266 3621 443 3689 subfinuet.
481 3620 515 3684 Si
538 3619 629 3684 enim
651 3620 794 3684 sumeret
815 3636 849 3684 et
871 3622 1077 3693 comederet,
1100 3617 1203 3702 pro·=

67 3705 163 3769 secto
191 3726 300 3792 neque
326 3704 487 3792 peccasset
509 3725 618 3791 neque
637 3702 769 3778 ruisset,
798 3704 911 3769 sedin
934 3718 1106 3768 aeternum
1127 3700 1175 3764 se·

65 3787 181 3852 liciter
208 3785 346 3853 vixisset.
390 3787 553 3862 Additur,
583 3787 607 3851 sr
635 3787 804 3872 paradisus
836 3785 893 3851 ille
918 3789 959 3852 de
980 3803 1048 3872 quo
1069 3786 1172 3848 homo

67 3871 226 3956 expulsus
249 3871 309 3946 esi,
337 3871 453 3936 locasio
474 3885 545 3934 erat
564 3884 801 4018 terrenuaffite,
832 3886 867 3934 et
887 3870 910 3934 si
929 3868 1062 3956 liguum
1083 3867 1174 3931 vitae
1214 3870 1221 3882 '

761 4001 771 4031 9

91 3955 165 4017 uod
184 3953 222 4019 in
241 3953 355 4020 medio
376 3955 477 4042 ipsine
498 3955 686 4040 plantatum
795 3968 965 4019 terrenum
987 3950 1054 4016 suit
1074 3966 1174 4037 atque

66 3975 239 4114 sensibile,
270 4037 484 4124 fructumque
512 4035 682 4123 corporeis
704 4039 815 4104 ufibua
837 4051 952 4124 aptum
975 4031 1173 4122 protuleritt

68 4140 133 4184 eur
163 4139 235 4184 non
258 4121 298 4184 ab
319 4119 391 4208 ipso
413 4122 483 4186 solo
502 4119 593 4183 vitae
611 4119 706 4219 ligno
727 4126 823 4188 Deua
844 4117 1017 4186 homiuem
1042 4118 1175 4204 expule-

68 4201 138 4282 rit,
171 4217 206 4268 et
233 4200 270 4268 in
292 4201 400 4292 aliqua
420 4218 516 4292 parte
534 4203 674 4290 paradisi
695 4223 772 4274 eum
792 4202 944 4293 sepserit,
977 4223 1022 4267 ne
1041 4201 1174 4288 lignum
