2912 4978
267 223 410 318 ¹rso,
623 215 1072 296 semmurum.

285 405 575 490 exercitationem)
606 427 679 474 non
699 403 976 476 irrationabiliter
996 421 1089 476 extre
1109 407 1269 476 terminos
1290 409 1381 475 euen-

284 495 375 562 tialia
405 494 535 559 nollrao
561 489 723 560 trinitatis
750 493 964 581 relinquitur.
1005 495 1051 558 Et
1081 515 1127 558 ne
1162 492 1305 568 aestimet
1325 513 1382 558 not

286 581 341 646 his
361 575 476 644 verbis
498 580 619 642 docere
639 579 745 655 velle,
767 578 973 665 praedictam
994 579 1163 642 humanae
1182 581 1318 642 naturae
1334 576 1385 640 tri·

284 665 427 729 nitatem
458 663 501 726 ad
527 659 710 750 imaginem
739 661 806 728 Dei
826 660 863 726 in
883 653 1039 727 Paradiso
1061 662 1252 738 conditam,
1288 659 1386 747 priua·

333 771 387 813 am
417 759 592 834 peccaret,
623 745 765 812 omnino
794 766 935 833 corpore
968 741 1124 821 caruilse,
1154 747 1236 810 abfit
1256 742 1385 808 anobis

310 855 351 898 oc
378 834 530 905 credere,
569 843 629 894 aut
659 833 908 920 quodammodo
935 845 1077 916 putarer
1111 829 1213 894 semel
1241 827 1329 892 enirn
1359 839 1388 889 et

284 917 379 985 simul
401 913 529 980 animas
550 913 673 978 nostras
695 929 730 978 et
751 935 891 1002 corpora
913 912 950 976 in
967 913 1123 980 Paradiso
1141 911 1388 979 conditorcrea·

283 998 354 1075 vit,
387 1014 528 1084 corpora
550 996 627 1064 dico
650 997 820 1072 coelestia,
849 996 1052 1085 spiritualia,
1075 996 1187 1086 qualia
1206 993 1389 1082 pollresur·
1439 1039 1440 1042 ,

282 1075 471 1157 rectionem
504 1081 618 1146 futura
654 1082 743 1146 sunt.
786 1080 934 1146 Tumida
954 1103 1101 1170 namque
1123 1101 1282 1167 corpora,
1312 1097 1389 1143 mor·

284 1166 381 1242 talia,
405 1163 654 1252 corruptibilia,
677 1165 801 1254 quibua
822 1185 917 1231 nunc
934 1164 1173 1252 opprimimur,
1197 1183 1270 1228 non
1287 1183 1324 1225 ex
1339 1180 1389 1224 ua·

284 1265 378 1326 tura,
401 1249 521 1314 leder
544 1247 668 1315 delicto
690 1249 898 1316 occasionem
922 1251 1065 1326 ducere,
1087 1269 1160 1313 nou
1184 1247 1229 1312 est
1250 1243 1392 1311 dubitan·
1439 1325 1440 1330 ἵ

283 1335 376 1400 dum.
421 1333 526 1420 Quod
554 1350 634 1420 ergo
664 1349 805 1399 naturae
837 1353 878 1398 ex
898 1347 1039 1420 peccato
1061 1329 1234 1413 adolevit3
1266 1349 1306 1393 eo
1326 1347 1392 1409 pro·
1439 1391 1440 1402 ,

284 1417 375 1484 secto
395 1429 558 1504 renovata
581 1415 619 1479 in
641 1416 791 1494 Christo,
823 1415 915 1482 etin
937 1416 1113 1504 pristinum
1136 1411 1391 1480 ilatumrellitu·
1439 1485 1440 1488 Ἴ

281 1498 506 1576 ta,'carebit.
549 1499 627 1564 Non
658 1501 750 1566 enim
780 1500 887 1589 potest
913 1516 1054 1566 naturae
1091 1501 1156 1563 esl'e
1178 1511 1394 1568 coaeternum,
1439 1507 1440 1564 1

281 1585 375 1673 quod
397 1581 429 1646 ei
451 1584 609 1647 adhaeret
630 1600 770 1671 propter
790 1600 988 1673 peccatum
1013 1601 1053 1653 et
1068 1583 1159 1648 intra
1177 1579 1395 1646 substantiales
1439 1583 1440 1586 ’

282 1672 354 1748 cjut
385 1665 741 1733 conllitutiones‘non
775 1669 1034 1744 connumerari,
1069 1688 1142 1732 non
1175 1665 1393 1751 incongruum
1439 1683 1440 1774 q

281 1747 434 1830 arbitror.
476 1753 520 1814 D.
541 1751 646 1814 Plane
666 1773 738 1816 non
760 1751 1010 1849 incongruumg
1028 1753 1088 1815 sed
1106 1763 1201 1813 ratae
1223 1747 1395 1832 subtilique
1439 1775 1440 1800 ÷

281 1830 532 1919 investigationi
555 1848 589 1896 et
600 1833 798 1902 inventioni
814 1834 1024 1900 rationabilis
1036 1849 1179 1898 naturae
1197 1829 1394 1898 convenien-
1439 1827 1440 1918 l

282 1913 452 1986 tiffimum.
500 1917 669 2002 Quorsum
690 1941 771 1984 vero
792 1923 877 1983 haec
899 1923 1059 1984 nondum.
1075 1917 1193 1982 video.
1439 1925 1440 1932 ’

176 2071 179 2079 ,
345 2001 395 2064 Μ.
414 1999 554 2063 Patiens
578 1999 654 2065 esto.
697 2005 776 2068 Non
802 2001 892 2079 errim
913 2025 965 2067 res
987 2023 1089 2090 parva
1111 1999 1208 2064 inter
1228 2010 1396 2083 noequat·

280 2081 387 2158 ritur,
415 2105 483 2148 nec
504 2081 566 2147 nili
586 2084 704 2150 multia
727 2083 977 2172 diligentiffime
999 2082 1277 2150 ratiocinationis
1299 2082 1397 2144 amba·

194 2240 197 2246 ⁴
281 2165 440 2266 fiib⁶⁸.⁸.t
458 2165 649 2262 investigari
672 2185 706 2232 et
726 2167 877 2234 inveniri
898 2169 1022 2256 potest,
1045 2169 1068 2234 li
1091 2184 1208 2234 tamen
1228 2169 1272 2232 ad
1283 2183 1398 2264 purum
1439 2207 1440 2238 r

145 2278 147 2286 ¹
181 2331 184 2338 .
280 2255 442 2314 inventit-
467 2249 584 2336 potest.
627 2251 723 2316 Nulli
744 2253 836 2318 enim
857 2253 992 2318 mortali
1015 2251 1145 2327 sensui,
1181 2269 1337 2340 quamvis
1357 2265 1399 2308 vr·
1439 2257 1440 2322 ζ

282 2336 402 2400 deutur
432 2349 531 2400 acute
553 2333 744 2421 inquirere,
775 2337 857 2400 licet
877 2339 944 2401 hoc
965 2336 1189 2424 promittere,
1226 2351 1274 2400 ne
1295 2332 1400 2397 incau·
1439 2333 1440 2390 l

282 2419 336 2482 tus
356 2420 578 2506 redarguatur
598 2420 678 2496 effe,
701 2423 795 2507 quod
815 2420 889 2484 suas
909 2419 999 2484 vires
1022 2421 1158 2506 superat
1172 2417 1334 2484 invenire
1347 2425 1401 2506 im.

281 2499 454 2590 teipsum
481 2501 696 2588 promittent.
748 2505 834 2569 Nam
856 2505 881 2569 fi
901 2503 1098 2581 invenitur,
1130 2524 1206 2568 non
1230 2504 1320 2590 ipse,
1350 2515 1401 2584 qm
1439 2515 1440 2594 q

281 2585 430 2732 qpaerim
453 2583 510 2652 sed
531 2583 620 2672 ipse,
644 2586 702 2673 qui
723 2587 915 2675 quaeritur,
939 2586 1053 2674 etqui
1076 2585 1121 2650 est
1143 2589 1206 2650 lux
1229 2581 1402 2652 mentium.
1439 2597 1440 2658 l

309 2669 468 2758 renitor.
514 2669 718 2754 Quaerimus
747 2691 910 2770 namque,
941 2673 980 2735 ni
1010 2672 1125 2744 sallor,
1162 2672 1340 2758 quomodo
1368 2685 1402 2726 ex

282 2751 484 2850 argumento·
515 2752 741 2822 substantialis
758 2754 920 2819 trinitatis
943 2755 1070 2820 nostrae
1092 2769 1243 2819 naturae
1267 2756 1310 2819 ad
1333 2750 1405 2814 ima·

281 2849 397 2924 gruem
418 2837 485 2899 Der
506 2853 661 2914 creatae,
686 2839 849 2904 summam
874 2839 966 2902 illam
985 2837 1194 2914 trinitatem,
1221 2839 1408 2926 quaenam

282 2919 344 2998 cst,
368 2923 507 3006 ejusque
531 2919 639 2984 veluti
656 2943 722 3020 pro
747 2922 813 2988 rias
833 2922 870 2986 in
892 2939 1013 2986 natura
1030 2921 1181 2986 condita·
1194 2918 1407 3009 operationes

279 3001 418 3149 dnlgulie
446 3003 599 3090 personia
631 2945 820 3070 dallriiutae
842 3007 1024 3093 'possumus
1046 3005 1267 3092 investigare.
1312 3007 1354 3066 D'.
1376 2999 1408 3062 ld

281 3084 294 3148 i
335 3107 426 3184 um,
446 3105 518 3149 non
541 3086 633 3152 uliud
655 3089 856 3174 quaerimur.
899 3092 944 3154 Et
965 3092 1048 3155 ordo
1068 3110 1189 3153 rerum
1213 3087 1342 3178 exigit,
1371 3095 1406 3145 nt
1439 3137 1440 3168 ,

187 3204 197 3218 ·
305 3183 533 3234 crentatem
583 3192 782 3249 uaeramus,
823 3157 1023 3261 argrimento
1050 3172 1224 3259 siquidem
1254 3165 1408 3258 imaginis
1439 3213 1440 3256 q

279 3250 292 3315 i
320 3251 352 3314 sa
369 3252 505 3328 veritae,
527 3274 622 3334 cujus
633 3254 745 3345 imago
759 3257 1024 3356 ostiaquaerenda
1037 3255 1090 3334 eil,
1107 3279 1202 3343 quae
1212 3271 1345 3357 quanto
1356 3252 1409 3314 slu-
1439 3287 1440 3292 κ

304 3334 404 3400 rofius
431 3336 696 3426 laboriosiusque
722 3338 927 3428 inquiritur,
962 3355 1058 3404 tanto
1099 3343 1287 3407 ardentius
1310 3336 1369 3406 dili
1392 3332 1413 3380 '-

280 3431 355 3516 tqr,
389 3433 424 3483 et
446 3419 594 3514 apertius
615 3423 801 3489 invenitur.
846 3423 941 3512 Quid
963 3422 1056 3488 enim
1078 3425 1222 3509 prodest
1241 3424 1304 3490 illa
1326 3357 1410 3487 refol-

279 3509 382 3577 datas,
406 3523 507 3589 quam
528 3527 613 3592 pura
632 3507 784 3573 veritatis
807 3506 1050 3596 contemplatio
1074 3505 1226 3595 effugit,
1252 3525 1315 3576 aut
1336 3501 1412 3596 quid
1439 3517 1440 3542 ³

279 3599 383 3652 nocet
403 3585 414 3650 i
441 3585 474 3651 l'a
497 3587 654 3666 tarditas,
677 3583 735 3655 cu'i
756 3592 937 3658 desiderata
958 3591 1062 3676 {acies
1085 3591 1278 3659 occurrit?
1439 3591 1440 3652 7

326 3669 392 3734 Μ.
409 3609 541 3762 ’itaque
569 3673 843 3743 ratiocinationis
872 3675 1002 3741 nollrac
1024 3675 1210 3742 exordium
1235 3699 1280 3744 ex
1299 3667 1410 3742 verbis

78 3737 82 3746 ¹
155 3817 161 3822 ,
277 3753 479 3820 venerabssn
494 3755 636 3822 Maximi
652 3759 840 3840 sumamus,
861 3780 934 3826 non
948 3754 1322 3828 eitdcursemronibus
1341 3777 1440 3832 coo-2

275 3833 409 3914 ncfim,
427 3839 496 3939 ‘sed
517 3843 644 3908 eodem
675 3843 773 3908 sensu
800 3859 948 3912 utentes.
992 3847 1036 3908 D.
1058 3841 1255 3942 ingredere
1277 3855 1412 3938 quoquo
1439 3861 1440 3926 l

192 3933 199 3940 ·
274 3921 380 3987 modo
400 3943 454 3989 vro
473 3925 704 3993 ra'liocinandi
726 3927 828 3995 viam
882 3929 932 3996 Μ.
952 3925 1037 3994 Tres
1059 3931 1281 3998 universales
1303 3939 1440 4006 motua3

276 3997 519 4102 animaeluntg
564 4011 721 4098 Quorum
740 4011 871 4101 primus
892 4011 938 4077 eli
956 4011 1147 4079 secundum
1173 4013 1351 4087 animum,
1373 4007 1440 4076 ft}

276 4091 411 4188 captur
440 4091 627 4188 secundum
658 4094 846 4176 radonem,
881 4095 1002 4164 tertius
1033 4097 1235 4166 secandum
1266 4097 1410 4166 sculum·
1439 4087 1440 4150 l

275 4162 409 4240 Primus
429 4178 569 4260 quidem
587 4195 703 4250 motus
721 4181 861 4270 simplex
880 4181 943 4261 eli,
966 4195 1001 4248 ct
1020 4177 1119 4268 supra
1143 4181 1259 4270 ipsius
1279 4179 1413 4248 minae
1439 4229 1440 4276 q
