2930 4982
262 149 346 250 ete
551 237 554 246 ,
590 173 644 246 ne
664 177 846 246 uentae
867 173 1040 282 Nmeae.
1087 136 1124 174 “

264 384 343 430 cum
362 363 493 428 mundo
516 359 702 436 traruibits
720 383 761 428 eo
782 363 887 426 modo
907 357 1104 442 traueeuudi
1125 363 1171 426 de
1189 379 1262 446 quo
1280 361 1378 458 plura

263 445 415 534 superius
438 442 664 510 tractavimus.
685 481 688 495 ·
706 445 751 508 Et
768 467 887 531 quum·
898 460 1028 510 cuncta·
1044 439 1262 508 sensibilium
1280 445 1380 508 tutel-

261 529 406 617 ligibilia
438 529 475 592 in
507 531 676 594 hmatanee
703 546 843 593 namraa
873 525 1090 614 plenitudine
1118 525 1267 592 conditu
1286 526 1376 598 stint,

261 635 348 680 utrm
367 610 492 676 rationi
511 610 645 684 resistit,
668 613 691 676 st
712 625 823 678 totum
845 614 1012 676 mundum
1033 609 1289 675 cumomuibue
1310 609 1378 672 suie

262 696 414 785 partibus
439 693 832 781 temporereslitutionia
854 695 955 780 ipsane
976 710 1115 759 naturae
1136 692 1171 756 in
1197 715 1262 778 qna
1283 707 1378 756 totue

262 778 474 853 continetur,
514 779 674 876 generali·
694 782 836 924 quadam
866 776 1119 842 resurrectionis
1140 775 1252 875 specie
1273 776 1379 839 resur·

261 879 433 928 recturum
465 863 687 931 deliberemus
751 860 948 924 Praesertim
966 883 1047 926 cum
1070 859 1223 924 omn'tum
1247 857 1379 922 sensibi-

262 947 377 1020 lium,
408 947 488 1008 dum
517 944 554 1008 in
573 945 617 1008 se
647 945 717 1031 ipsa
738 945 963 1010 confidentur
984 959 1123 1016 neutra,
1158 945 1381 1008 uua'eadeau·

311 1025 576 1113 eperspicitur,
615 1041 652 1091 et
679 1027 822 1096 imbuet
841 1030 971 1093 mundo
1001 1049 1071 1092 non
1105 1025 1378 1112 magnitudinem

261 1131 447 1208 corporeae
464 1109 587 1184 molie',
612 1111 668 1174 sed
690 1111 952 1196 incorporalium
975 1107 1227 1198 substantiarum
1254 1112 1381 1174 aduna-

261 1197 394 1262 tionem
422 1196 547 1282 absque
578 1192 673 1258 omni
703 1196 840 1260 cumulo
872 1209 907 1258 et
936 1191 1084 1280 partium
1120 1192 1382 1279 exaggeratione

261 1281 318 1344 vel
340 1277 583 1362 compositione
602 1299 684 1342 vera
706 1279 893 1342 considerat
911 1277 1010 1342 ratio.
1056 1276 1153 1340 Sicut
1173 1277 1209 1339 in
1232 1277 1381 1340 monade

143 1411 146 1416 -
263 1359 355 1428 etin
378 1376 494 1425 centro
515 1360 910 1447 nonquantitatemwel
942 1358 1138 1445 qualitatem
1157 1379 1381 1424 numerorum

263 1463 298 1512 et
318 1444 503 1520 linearum,
524 1442 584 1508 sed
604 1444 706 1508 solam
727 1442 889 1508 virtutem
911 1465 997 1528 quae
1011 1441 1113 1508 ‘nulla
1133 1443 1243 1516 mole,
1281 1441 1380 1506 nullo

262 1531 280 1594 s
302 1527 508 1606 atio.,.nulla
529 1525 718 1624 quantitate
738 1542 773 1592 et
793 1526 954 1614 qualitate
981 1525 1285 1597 circumscribitur,
1307 1543 1383 1610 per·

278 1612 376 1710 picit.
421 1611 476 1674 Est
497 1631 588 1674 euna
610 1625 681 1674 tota
702 1629 763 1696 per
784 1626 894 1676 totum
915 1609 953 1674 in
976 1607 1079 1709 seipsa
1101 1611 1197 1674 nullo
1209 1611 1295 1674 ‘loco
1311 1629 1383 1672 am·

143 1697 157 1716 “
262 1699 354 1770 buu,
380 1696 476 1760 nullo
499 1705 650 1784 tempore
670 1709 774 1758 mota.
806 1691 956 1758 Proinde
975 1695 1057 1758 st‘tn
1075 1692 1291 1758 universitate
1306 1692 1383 1755 seu·

261 1779 406 1846 fibitium
434 1781 582 1841 bumana
610 1775 784 1862 praecellit
811 1791 948 1850 natura,
981 1792 1016 1841 et
1049 1775 1382 1862 superiora·semper

262 1861 489 1926 inferioratad
508 1859 542 1923 se
562 1863 756 1935 attrabuutt
793 1881 864 1924 uon
888 1859 980 1924 enim
1000 1860 1087 1924 ratio
1109 1857 1382 1944 finitsnperiota

262 1947 303 2010 ab
342 1941 559 2008 inferioribue
592 1941 765 2016 consumi,
804 1943 966 2007 inferiora
999 1959 1111 2006 autem
1139 1940 1382 2027 insuperion

263 2024 407 2094 tranaire
425 2023 610 2094 certissimis
631 2025 933 2114 approbationibus
955 2029 1119 2122 approbat
1133 2047 1144 2088 t
1163 2047 1247 2090 num
1270 2025 1381 2088 verisi-

261 2108 343 2178 mile
374 2109 417 2174 esi
444 2113 625 2188 humarum
655 2125 814 2174 naturam
843 2124 965 2174 cuncta
1001 2125 1091 2173 antra
1120 2110 1153 2172 se
1182 2124 1216 2172 et
1236 2105 1328 2172 inira
1349 2107 1386 2170 se

262 2194 402 2262 condita
430 2191 560 2258 tibimet
591 2194 823 2277 copulaturam
858 2210 893 2257 et
916 2196 1137 2258 adunaturam
1158 2191 1195 2256 in
1218 2191 1287 2256 fine
1310 2211 1384 2254 om-

261 2278 360 2342 nium
384 2274 591 2342 existimares
612 2279 665 2340 De
689 2274 854 2362 spirituali
878 2288 989 2340 autem
1012 2279 1238 2340 bumanorum
1260 2293 1383 2360 corpo-
1459 2355 1460 2358 Ἴ

261 2383 340 2426 rum
371 2361 444 2446 poll
475 2357 761 2424 resurrectionem
785 2358 971 2444 subtilitate
1008 2363 1166 2438 ejusdem
1193 2356 1385 2444 Epiphanii

259 2443 464 2532 sententiam
483 2464 556 2508 non
600 2445 854 2508 ra'etereundam
878 2443 940 2506 else
962 2442 1113 2507 arbitror.
1130 2443 1225 2506 'Nam
1244 2444 1286 2506 de
1308 2461 1385 2504 cor-

262 2549 347 2614 pore
370 2524 547 2610 canui-p
623 2524 901 2590 resurrectionem
932 2523 990 2590 in·
1022 2545 1067 2589 uo
1103 2522 1386 2611 perfectissimum

263 2608 368 2676 totius
389 2612 567 2674 humanae
596 2607 850 2676 resurrectionie
869 2631 968 2695 praec
1028 2624 1042 2671 t
1064 2608 1276 2694 exemplum,
1315 2605 1385 2671 die-

260 2709 405 2793 putaue,
434 2695 520 2760 baec
539 2679 613 2770 ‚titt
646 2691 813 2766 „latravit
831 2691 943 2770 janule
965 2693 1100 2766 elaufiet
1132 2694 1266 2757 carnale
1284 2689 1385 2754 euim
1458 2745 1459 2774 ζ

260 2778 362 2924 qpstue
385 2773 699 2861 corpuespitituale
719 2772 919 2855 resurrexit:
940 2797 1011 2841 non
1022 2776 1125 2850 ,aliud
1145 2777 1386 2861 praeterquod
1458 2799 1459 2886 q

226 2883 234 2905 ·
278 2875 405 2933 ueratt
423 2859 482 2924 sed
510 2855 597 2921 illud
627 2857 736 2944 ipsum
757 2858 794 2922 in
816 2855 1035 2924 subtilitatem
1056 2857 1192 2944 spiritua
1214 2873 1389 2924 tratremu-

261 2959 382 3008 tatum.
424 2943 471 3004 Ut
497 2955 614 3006 autem
643 2962 760 3006 omnee
791 2940 985 3008 incredulos
1006 2943 1235 3028 redargueret,
1267 2942 1387 3005 clavo·

261 3049 337 3091 rum
373 3022 510 3110 vestigia
540 3022 734 3088 monstravit
762 3039 797 3088 et
830 3026 982 3102 lanceae,
1023 3029 1174 3111 adeoque
1204 3023 1388 3088 cicatrices
1458 3031 1459 3056 ³

261 3107 348 3194 ipsae
375 3105 514 3193 reliquit
543 3106 580 3172 irt
612 3126 770 3192 corpore,
807 3107 960 3194 quamvis
989 3108 1075 3174 illud
1103 3104 1312 3194 spiritualem
1343 3107 1385 3172 in
1458 3113 1459 3173 l

262 3191 429 3255 unitatem
450 3191 631 3258 conflasset.
674 3192 856 3276 Quomodo
878 3190 983 3276 igitur
1004 3192 1119 3256 clausit
1140 3190 1250 3271 januie
1272 3191 1383 3254 intra·

148 3303 155 3324 ·
261 3271 330 3347 rit,
360 3271 423 3338 nist
449 3289 490 3338 ut
520 3273 705 3338 ostenderet
735 3271 977 3338 crassimembre
1000 3273 1312 3349 subtili-membre.
1348 3289 1384 3337 et

261 3357 403 3422 mortale
424 3357 634 3429 immortale,
651 3353 692 3418 ¹et
712 3355 933 3453 corruptibile
954 3355 1244 3442 incorruptibile?
1265 3360 1387 3422 Intue-

246 3461 299 3506 *re
321 3455 485 3526 quantum
506 3437 746 3504 incunctanter
766 3438 991 3524 spiritualium
1012 3461 1054 3506 co
1120 3463 1196 3504 rum
1215 3441 1385 3504 resurrec-

262 3519 392 3590 tioitent
433 3539 467 3587 et
494 3521 530 3586 in
563 3521 783 3589 subtilitatem
816 3519 1060 3609 incomprebe'n
1088 3523 1188 3588 bilem
1217 3523 1383 3596 reditum,

263 3607 358 3672 omni
379 3606 535 3674 tarditate
557 3620 592 3668 et
637 3605 776 3670 utilitate
798 3619 949 3670 terrenae
970 3607 1069 3670 molie
1092 3606 1267 3692 totiusque
1293 3629 1384 3693 pon·

263 3689 350 3754 deria
373 3687 541 3776 corporeis
562 3628 708 3758 senitbue
729 3686 979 3754 succumbentia
1008 3688 1242 3776 localibusque
1263 3689 1385 3786 spatiis
1457 3673 1458 3706 ¹

263 3771 507 3860 circumscripti
537 3772 577 3834 ab
611 3770 730 3856 spiritu
760 3773 913 3859 absorpta
951 3771 1174 3858 pronunciat,
1209 3771 1387 3859 punffime

263 3849 458 3941 intelligent
470 3853 671 3940 'Apostolum
695 3855 885 3931 dicentem,
906 3850 1098 3948 sentinatur
1115 3879 1236 3938 corpus
1254 3861 1386 3921 cuimo-

261 3941 310 4016 le,
330 3934 453 4029 surget
482 3959 600 4021 corpus
619 3931 811 4030 spirituale.
855 3939 899 4002 D.
929 3941 1085 4015 lntueor,
1116 3955 1152 4004 et
1172 3937 1288 4026 magni
1313 3939 1383 4004 viri

262 4022 499 4088 auctoritatem
520 4021 714 4117 amplector.
766 4025 821 4087 De
841 4019 1079 4172 spiritualitate
1098 4023 1262 4110 fiquident
1285 4039 1324 4087 et
1343 4021 1384 4086 il·

260 4105 428 4180 localitate
451 4123 609 4170 orunmm
627 4104 830 4192 generalita
882 4124 1085 4173 umentorum
1107 4125 1288 4192 corporum
1311 4105 1384 4192 pos
