2930 4982
1089 129 1099 174 l

299 227 475 301 ator·
602 213 1092 298 utentnitoraetttamrae.
1224 274 1230 288 .

298 427 415 488 ruant,
437 409 532 478 omni
552 412 647 476 fluxu
668 410 896 499 generationis
917 425 952 476 et
970 405 1196 500 corruptionis
1215 430 1273 498 per
1292 410 1383 478 incre·

299 514 413 562 menta
437 514 471 560 et
492 499 705 561 decrementa
726 496 766 561 in'
783 495 878 571 locia,
901 495 1121 582 temporibus,
1143 495 1254 570 libera,
1271 495 1384 582 suiaque

300 579 456 662 subjectio
479 577 665 644 substantiia
686 581 803 645 unita:
836 594 877 642 ut
897 577 1109 644 aeternaliter
1129 601 1234 644 unum
1257 599 1327 644 cum
1343 581 1384 664 ip-

300 666 342 730 sia
384 661 605 749 inseparabile
634 678 669 725 et
697 661 977 728 incommutabile
1005 661 1169 726 ineffabili
1202 661 1384 727 adunatione

300 744 498 812 efficiantur.
541 749 590 811 M.
620 744 730 810 Nimia
753 746 809 810 itta
829 745 1001 833 inquifitio
1023 747 1105 822 alta,
1140 758 1180 810 ac
1198 747 1339 810 nondum
1355 745 1385 808 in

234 903 237 913 q
300 828 436 896 civilem
465 828 571 894 animi
603 829 863 917 conceptionem
891 831 1026 915 promul
1051 845 1114 893 ata.
1168 831 1234 894 Sed
1252 830 1323 916 quia
1341 831 1387 892 aba

267 926 269 940 '
300 931 334 980 te
363 911 547 978 cautiffime
581 927 614 976 et
636 907 790 996 ordinate
809 914 977 999 proposita
998 852 1061 985 eli.
1093 913 1164 978 iton
1185 913 1288 978 multa
1306 927 1336 976 et
1351 913 1388 974 la·

297 996 430 1063 boriosa
450 994 652 1061 reseratione
674 994 828 1083 indiget:
851 997 1087 1095 serenumque
1111 1017 1130 1059 a
1153 1011 1188 1068 te
1211 995 1279 1094 ipso
1298 993 1388 1058 soluta

299 1081 354 1146 est.
399 1080 521 1145 Causae
551 1079 667 1166 itaque
699 1079 997 1150 omniumJerum
1028 1102 1066 1144 ιιι
1088 1075 1251 1166 sapientia
1270 1093 1386 1154 creatu,

300 1180 335 1230 et
355 1163 544 1227 substitutae
564 1161 602 1226 in
623 1163 694 1249 ipsa
715 1162 926 1227 aeternaliter
948 1179 982 1227 et
998 1160 1315 1227 incommutabiliter
1328 1181 1387 1225 non

299 1245 452 1321 dubitaa,
475 1262 515 1310 ut
537 1245 677 1332 opinor,
725 1268 915 1322 ermenero,
938 1262 972 1310 et
994 1250 1033 1311 ab
1056 1245 1126 1345 ipsa
1141 1267 1303 1332 nusquam
1316 1265 1388 1310 nua-

321 1353 400 1396 uam
419 1332 594 1405 recedere,
621 1331 676 1396 rel
697 1270 826 1396 durum
849 1329 994 1428 aliquem
1041 1347 1107 1406 atr,
1131 1333 1172 1394 ad
1197 1351 1234 1392 ea
1253 1349 1331 1416 quae
1347 1327 1388 1390 ia·

228 1449 234 1454 ·
298 1353 421 1480 ieriora
443 1415 539 1496 sunta
575 1433 646 1478 non
671 1414 760 1479 enim
782 1414 897 1500 perse
918 1414 1002 1477 subsr
1028 1429 1139 1488 erent,
1161 1413 1187 1476 fi
1208 1411 1315 1499 aliquo
1333 1431 1390 1475 mo·

298 1501 343 1564 do
366 1500 406 1562 ab
426 1497 498 1596 ipsa
518 1500 724 1564 recederent.
767 1501 810 1561 D.
833 1499 885 1560 De
913 1497 1083 1562 causarum
1106 1493 1389 1577 omniumincom·

295 1579 453 1646 mutabili
480 1581 726 1667 perseverantia
755 1579 793 1646 in
827 1580 898 1668 ipsa
928 1580 1044 1645 divina
1069 1579 1234 1667 sapientia
1254 1579 1338 1665 quod
1356 1575 1391 1640 eil

296 1667 445 1732 Verbum
467 1665 532 1728 Dei
551 1663 680 1740 Patrio,
713 1663 757 1729 in·
796 1685 840 1728 uo
865 1680 899 1728 et
915 1685 979 1762 per
999 1667 1092 1750 quod
1114 1678 1148 1728 et
1168 1664 1258 1728 facta
1276 1662 1390 1725 suntet

298 1749 492 1824 subsiliunt,
528 1750 624 1813 nullo
649 1751 756 1812 modo
773 1688 970 1813 dubitarim.
1011 1749 1100 1812 illud
1121 1747 1283 1844 siquidem
1303 1759 1335 1808 et
1351 1741 1388 1807 di·

296 1831 380 1896 rina
412 1831 595 1917 scriptura,
627 1847 661 1895 et
681 1833 873 1896 sanctorum
895 1831 1032 1896 Petrum
1055 1833 1193 1895 traditio
1215 1829 1390 1894 incunctan-

214 1915 223 1922 ’
274 1930 347 1980 *ter
376 1915 493 1979 asserit.
540 1917 588 1980 M.
626 1913 719 1998 Quid
751 1913 814 1977 tibi
843 1912 980 1978 videtur
1009 1917 1051 1980 de
1079 1912 1268 1978 substantiia
1296 1929 1389 1975 rerum

191 2037 198 2049 ι
295 1998 440 2146 qffln
462 1997 827 2144 praedictiqipintioctae
851 2011 886 2060 et
906 1996 1098 2144 supsiitutae
1120 1997 1199 2142 stqnt
1212 1996 1390 2142 inrumfrp

295 2105 326 2147 rr
386 2103 451 2156 re,
485 2101 555 2146 imo
588 2102 629 2144 ve
732 2103 790 2144 um
817 2096 1051 2146 utcreamua
1107 2100 1242 2144 erema
1281 2097 1362 2142 aao

294 2163 429 2230 stantiae
461 2162 537 2230 dico
567 2162 604 2228 in
633 2163 700 2228 suia
731 2163 834 2228 causie
864 2163 994 2252 semper
1026 2125 1074 2228 et'
1087 2102 1391 2229 incommiitabiliter

294 2268 522 2396 {mtto
538 2249 635 2395 {ill
655 2247 1391 2418 titillabit&sibilie.

294 2412 517 2500 sapientiam,
539 2413 615 2479 fici
644 2415 695 2478 sae
716 2414 913 2479 substantiae
935 2435 1006 2479 non
1030 2415 1189 2479 deserunt
1208 2413 1327 2485 causae,
1347 2409 1390 2472 sed

292 2497 331 2561 in
349 2495 396 2596 eia
411 2498 477 2562 sem
504 2517 540 2562 er
555 2439 737 2562 subditum.
758 2501 1096 2588 Etpquemadmodam
1109 2499 1227 2563 causae
1237 2513 1324 2566 extra
1331 2493 1390 2556 sub

291 2581 444 2646 stannum
472 2579 629 2646 nesciunt
660 2581 744 2654 else,
781 2581 829 2644 ita
857 2581 1056 2670 substantiae
1089 2598 1181 2645 extra
1203 2581 1313 2645 causat
1332 2595 1389 2640 nou

291 2665 429 2811 poliunt
458 2667 573 2729 fluere.
615 2667 660 2728 D.
683 2664 741 2728 Nil
763 2663 993 2741 verisimilius,
1025 2669 1123 2730 etad
1145 2663 1389 2751 intelligendum

140 2753 142 2760 “
246 2771 248 2774 ·
310 2745 447 2823 acilius,
486 2765 521 2812 et
548 2745 684 2840 veritati
713 2747 958 2834 propinquius,
990 2770 1091 2834 quam
1112 2763 1152 2811 ut
1170 2747 1221 2812 ita
1243 2764 1278 2812 et
1298 2745 1391 2811 credr-

292 2853 368 2896 mue
392 2847 426 2895 et
445 2829 640 2896 inconcull'e
662 2845 847 2896 teneamur.
890 2833 939 2894 M.
968 2831 1079 2896 Restat
1102 2831 1219 2918 itaque
1241 2835 1283 2895 de
1300 2824 1390 2976 quali·
1429 2863 1430 2912 q

292 2914 419 2980 tatibus
441 2911 695 2979 substantiarum
716 2913 907 3000 (qualitatea
929 2931 1040 2979 autem
1064 2915 1152 2990 dico,
1180 2913 1279 2978 licuti
1313 2911 1391 2977 olent
1429 2928 1430 2951 ¹

292 2997 459 3082 sapientes
483 2996 598 3062 omnia
618 3018 704 3083 quae
726 2995 912 3061 substantiis
933 2997 1093 3064 accidunt
1114 2999 1304 3085 appellare,
1325 2991 1389 3080 quit

290 3079 470 3146 mutabiles
492 3081 588 3157 sunt,
612 3096 646 3143 et
666 3081 754 3145 eirca
769 3079 961 3144 substantiae
982 3082 1055 3146 suaa
1071 3085 1292 3162 volvuntur);
1313 3082 1390 3142 hune

291 3166 460 3228 mundum
481 3162 681 3228 fabricatum
702 3179 984 3250 compactumque
1005 3165 1119 3239 faiffe,
1154 3181 1190 3229 et
1213 3165 1251 3229 in
1274 3165 1390 3227 eaedem

289 3246 526 3310 resolvendum
562 3246 644 3322 fore.
696 3247 808 3310 Omne
836 3245 928 3311 enim
959 3251 1051 3334 quod
1088 3246 1317 3334 temporaliter
1342 3261 1390 3330 pfl
1428 3301 1429 3304 ,

289 3329 543 3416 generationem
563 3327 689 3416 incipit
708 3331 794 3405 effe,
817 3331 946 3395 necelse
967 3331 1021 3394 esi·
1035 3331 1158 3397 effendi
1180 3333 1286 3396 linem
1308 3331 1390 3394 habe
1428 3339 1429 3350 ¹

289 3433 346 3476 ret
369 3433 435 3476 nec
456 3412 500 3478 stc
521 3427 632 3477 tamen
654 3411 850 3498 praedictae
863 3413 1114 3480 substantiarum
1160 3415 1316 3480 ualitatea
1331 3413 1389 3474 sura

290 3493 484 3561 substantiae
518 3495 606 3561 circa
628 3499 919 3583 quaerebantur
941 3498 1082 3562 omnino
1104 3439 1275 3582 deierere,
1313 3490 1388 3560 etin

289 3579 464 3644 materiem
486 3577 646 3646 sensibilia
666 3578 788 3644 muudi
810 3580 994 3644 convenire
1016 3581 1217 3646 arbitramur
1226 3593 1244 3664 ς·
1266 3580 1323 3645 sed
1342 3573 1388 3640 mi·

289 3661 387 3727 rabili
410 3677 443 3726 et
464 3659 630 3726 ineffabili
650 3664 756 3728 modo
775 3662 837 3726 soli
858 3663 1051 3730 fabricatori
1072 3664 1164 3729 illiue
1186 3663 1343 3751 cognito,
1361 3670 1387 3720 et

291 3746 379 3810 cirea
400 3747 473 3810 suaa
495 3745 689 3810 substantiae
712 3745 834 3832 quibua
844 3743 1114 3834 inseparabiliter
1127 3751 1312 3813 adbaerent
1323 3745 1386 3808 sem·
1427 3783 1428 3790 .

289 3851 350 3915 per
373 3845 594 3924 permanent,
629 3845 664 3894 et
683 3831 777 3895 hunc
798 3833 966 3896 muudum
986 3835 1089 3898 modo
1109 3835 1261 3922 'quodam
1281 3822 1387 3894 intelli·

292 3911 389 3997 gibila
422 3911 721 3996 compositionibus
754 3912 821 3990 suia
879 3913 1037 3980 erficiunt
1058 3919 1158 4002 at'que
1179 3919 1386 4000 componunt

291 3997 377 4058 Nam
407 3995 505 4080 supra
536 3995 786 4062 universitatem
813 3937 977 4063 edibilem
1010 4000 1123 4066 musae
1154 4014 1186 4064 et
1209 3991 1385 4062 [nouanda

289 4078 443 4143 omnium
473 4099 652 4175 corporum
679 4081 747 4142 lire
771 4079 1022 4148 matbolieorum
1050 4084 1117 4148 five
1146 4075 1384 4169 particularium

288 4161 413 4249 quibua
445 4161 678 4238 constituitur,
713 4185 786 4230 non
817 4161 1093 4232 irrationabiliter
1122 4164 1292 4232 medimna
1324 4157 1383 4222 effe·
