2854 4978
452 257 557 328 ister
583 219 735 328 setas
1009 347 1011 352 .
1067 257 1147 332 eoi

50 439 167 506 dicitur
187 461 204 505 a
222 439 354 526 pictura
376 441 536 518 siderum,
566 443 656 531 quasi
679 441 799 510 caelati
818 443 935 520 instar,
972 457 1013 508 ut
1030 442 1145 512 Plinio
1262 497 1267 505 .

43 528 167 632 placet,
200 528 291 600 iuxta
320 547 401 589 vero
430 529 587 592 Graecam
617 528 859 614 proprietatem
887 520 1030 620 οὐρανὸς
1051 531 1142 616 quasi

62 613 149 700 Opto
179 601 268 683 diu,
302 610 369 673 hoc
400 609 460 685 est,
490 610 571 676 vilio
598 613 748 698 desuper.
791 610 915 677 Merito
938 634 1017 698 ergo
1037 612 1146 677 firma·

47 700 192 756 mentum
211 690 450 758 universalium
472 695 713 767 elementorum
735 685 896 786 οὐρανὸς,
918 694 942 764 i.
960 718 988 758 e.
1011 697 1160 762 coelumt
1191 727 1195 756 ι

47 776 241 861 appellaturi
273 775 434 861 quoniam
457 798 590 842 omnem
612 781 848 865 compositam,
879 799 1141 866 corporeamque

47 876 223 923 creaturam
250 859 432 923 altitudine
453 855 596 935 ,naturae
623 861 860 947 supereminet.
903 864 991 925 Sunt
1015 861 1074 948 qui
1094 879 1142 926 te·

46 941 208 1007 nuiffinias
241 963 341 1030 aquas
367 944 464 1030 supra
491 944 754 1020 firmamentum,
783 946 808 1009 i.
837 968 865 1010 e.
897 944 996 1030 super
1023 947 1144 1010 choros

45 1026 177 1090 siderum
211 1027 273 1089 esse
300 1042 440 1111 putant,
471 1027 528 1092 sed
562 1049 620 1091 eos
637 1029 761 1092 refellit
781 1043 816 1092 et
835 1027 921 1093 ratio
941 1031 1143 1114 ponderum,

47 1125 75 1171 et
94 1111 174 1172 ordo
196 1111 455 1177 elementorum:
479 1111 536 1174 alii
557 1131 637 1176 vero
652 1111 861 1197 vaporabiles
881 1133 993 1198 aquas,
1018 1127 1052 1175 et
1093 1133 1144 1176 ac·

45 1135 1146 1371 rinoanimuinanimilia

46 1357 202 1444 frigiditas
227 1347 339 1425 aulem
361 1383 431 1425 non
456 1363 517 1436 est,
540 1378 579 1424 ut
600 1363 713 1436 aiunt,
740 1360 799 1426 ubi
821 1383 980 1448 aquarum
1002 1360 1146 1426 substan·
1233 1400 1237 1408 ·

46 1441 87 1504 tia
107 1444 206 1520 deest,
238 1443 351 1508 minus
374 1446 618 1510 considerantes
640 1448 731 1541 quod
753 1444 893 1520 dicunt;
930 1467 1008 1508 nam
1029 1459 1064 1508 et
1083 1443 1145 1510 ubi

47 1525 124 1610 ignis
146 1527 189 1590 est
210 1527 483 1603 substantialiter,
513 1528 562 1592 ibi
584 1544 618 1592 et
639 1528 823 1614 trigiditaa:
854 1525 1016 1624 siquidem
1040 1528 1146 1610 Chry·
1179 1565 1200 1594 x

45 1608 178 1684 stallum,
202 1632 281 1674 cum
304 1611 343 1674 sit
362 1611 504 1700 frigidae
524 1629 678 1687 naturae,
703 1633 813 1676 carere
835 1627 946 1675 tamen
965 1631 1065 1696 ignea
1080 1610 1146 1674 vir·
1186 1612 1189 1622 ⁴
1305 1605 1308 1612 ’

45 1708 123 1768 tute,
157 1715 245 1780 quae
266 1693 380 1758 omnia
400 1711 554 1780 penetrat
576 1716 733 1780 corpora,
765 1695 879 1759 nullus
902 1693 1032 1780 sapiens
1055 1695 1145 1760 diae·
1234 1771 1236 1776 ι

44 1773 91 1837 rit.
128 1779 142 1840 1
167 1799 233 1840 nea
253 1776 368 1864 itaque
389 1778 464 1855 vis,
495 1778 555 1843 ubi
577 1783 688 1852 ardet,
719 1779 809 1842 calor
831 1778 890 1852 est,
920 1776 980 1840 ubi
1002 1799 1073 1842 non
1096 1799 1144 1842 ar·

47 1861 108 1932 det,
167 1861 245 1947 igue
272 1862 342 1952 esi,q
366 1878 400 1926 et
430 1858 501 1926 i'ioii
524 1865 617 1926 ardet
636 1862 698 1926 nisi
720 1861 779 1926 ubi
800 1863 840 1926 fit
859 1859 998 1926 materia
1019 1859 1056 1926 iii
1078 1881 1145 1948 qua

45 1944 162 2020 ardeat,
186 1961 221 2008 et
243 1966 342 2031 quarn
364 1946 547 2012 consumat.
592 1948 740 2032 Ideoque
760 1946 880 2010 solares
901 1943 988 2009 radii
1011 1965 1072 2030 per
1092 1966 1145 2010 ae·

45 2025 144 2089 thesea
164 2027 272 2126 spatia
294 2027 403 2092 diffusi
423 2051 494 2094 non
517 2031 645 2096 ardent.
687 2033 726 2094 sn
748 2026 953 2093 subtilissima
989 2027 1082 2094 enim
1110 2041 1144 2091 et

45 2104 193 2188 spirituali
230 2127 351 2175 natura
385 2111 523 2177 ardendi
554 2111 727 2195 materiam
756 2133 827 2177 non
849 2111 1034 2198 reperiunt.
1076 2113 1143 2176 De·
1188 2126 1191 2146 ¹

45 2187 227 2256 scendentes
250 2217 331 2259 vero
353 2199 395 2259 ad
417 2196 607 2282 corpulenti
629 2197 712 2260 asiis
728 2196 850 2282 spatia,
872 2194 980 2261 v'eluti
998 2194 1142 2277 quadam
1167 2251 1169 2267 ,
1207 2210 1210 2222 ·

45 2274 167 2340 materia
189 2277 397 2362 operationis
419 2278 558 2342 inventa
579 2281 716 2365 flagrare
729 2276 917 2364 incipiunt,
942 2273 1024 2340 etin
1039 2295 1143 2420 quan·

44 2369 105 2420 tum
125 2362 165 2423 ad
185 2359 339 2426 crassiora
361 2382 500 2460 corpora
517 2361 739 2448 perveniunt,
762 2361 800 2425 in
817 2375 949 2426 tantuin
964 2357 1036 2422 vim
1063 2379 1142 2422 uam
1185 2411 1189 2420 .

10 2481 11 2486 κ
46 2442 179 2508 ardendo
208 2460 383 2519 exercent,
418 2469 455 2510 in
482 2447 535 2510 his
558 2467 644 2533 quae
666 2444 786 2511 calorii
807 2443 935 2508 virtute
956 2442 1142 2516 solvuntur,

46 2539 94 2585 aut
119 2525 208 2605 solvi¹
231 2530 385 2613 possuntt
422 2531 503 2594 dum
529 2551 610 2594 vero
641 2529 767 2592 sursum
793 2528 907 2591 versus
934 2523 974 2589 in
997 2540 1144 2590 extrema

45 2611 150 2676 mundi
180 2610 358 2674 intervalla
385 2611 590 2688 tenuissima,
621 2610 853 2710 spiritualique
873 2625 1013 2674 naturae
1032 2605 1145 2704 'proxi-
1237 2641 1238 2646 κ

46 2693 159 2756 maeri
210 2711 312 2779 ntur,
346 2716 418 2760 non
447 2697 661 2761 invenientes
689 2710 862 2759 materiam
885 2694 1048 2778 flagrandi
1068 2691 1143 2754 nul·

45 2770 142 2838 lurnc
173 2800 268 2843 orem
285 2778 457 2876 gignunt,
481 2778 741 2844 illuminationis
761 2793 894 2842 tanturn
911 2772 1143 2872 operationem

46 2854 261 2933 ostendentem
282 2866 360 2926 ideo
384 2884 428 2926 ue
450 2866 617 2938 aetherea,
641 2879 676 2927 et
695 2883 799 2948 pura,
823 2862 887 2924 ets
909 2857 1055 2922 intuatia
1070 2873 1142 2917 cor·

46 2959 115 3020 pora
135 2941 286 3006 caelestia
304 2883 431 3005 ibidem
453 2946 632 3007 constituta
647 2945 765 3006 vlueida
787 2945 864 3002 sunt
884 2884 1031 3021 imper,
1055 2936 1143 3000 calo·

46 3041 223 3174 illisis.
236 3026 657 3174 ⁸¹s55il³at²irsse¹diit
674 3019 1143 3179 tittstitlttlsttl?

45 3191 191 3338 qpon‘ipm
221 3192 332 3339 cherisi
350 3193 510 3338 lsiderum
532 3192 575 3256 est
594 3189 762 3340 vicinus,d
773 3185 1142 3338 ΡαΙΙΞάιιὲἱξξῃὶῑξιιὲιέἷ

46 3291 557 3444 [paetiupprqrqrffidep’qpappprqm
569 3296 734 3445 addixit,
762 3295 919 3422 iiilassiit
940 3355 1140 3445 Philosophi,
1255 3433 1258 3440 .

47 3457 66 3495 a
88 3451 173 3504 tetra
200 3445 249 3506 ad
267 3441 373 3536 solem
395 3447 538 3512 interval
551 3451 564 3508 ι’
585 3443 652 3530 est,
677 3456 814 3526 'tantum
835 3465 858 3504 a
869 3439 947 3537 sole
968 3439 1014 3535 qd
1048 3441 1144 3538 iderti
1174 3457 1176 3461 ’
1256 3453 1262 3519 j

47 3522 247 3590 medietatem
281 3529 449 3612 quandam
471 3527 673 3614 intelligitur
697 3525 861 3592 obtinere.
902 3527 952 3589 Ab
974 3545 1010 3584 in
1029 3543 1143 3594 eriora-

47 3601 100 3667 bus
128 3607 217 3672 enirn
240 3610 368 3672 naturis
390 3611 634 3708 corpulentiam
658 3612 843 3696 quandam,
877 3629 896 3670 a
915 3603 1143 3698 superioribus

47 3697 114 3752 tero
143 3690 347 3778 spiritualem
377 3694 595 3758 subtilitatem
625 3697 668 3759 ad
698 3689 914 3786 substantiam
937 3686 988 3752 sui
1008 3685 1141 3782 recipit,
1166 3693 1178 3730 ’-

49 3787 80 3830 tc
102 3774 206 3839 veluti
236 3775 418 3852 contrarias
447 3775 556 3839 utrius
581 3797 624 3838 ue
654 3777 795 3847 mundi,
827 3790 932 3858 partis
962 3771 1143 3854 superioris

45 3849 102 3916 viz·
121 3874 152 3922 et
177 3858 369 3936 inferioris,
408 3859 445 3923 iii
467 3860 500 3924 se
523 3797 654 3944 colligit
674 3856 868 3944 qualitates,
898 3875 1040 3942 quarum
1061 3869 1152 3942 con-y

47 3937 187 4006 tentione
223 3942 330 4007 ueluti
393 3945 514 4009 uidam
548 3944 662 4006 llatera
697 3943 921 4027 ponderatum
955 3937 1145 4024 naturalem

48 4013 132 4112 luam
157 4026 256 4092 situm
276 4048 349 4092 noo
369 3963 487 4093 initur
511 4028 677 4102 desetere,
715 4022 879 4111 gravitate
899 4021 1037 4109 quidem
1056 4019 1144 4120 infe·
1180 4027 1183 4034 “

50 4103 133 4188 ζωή·
155 4111 258 4197 partis
290 4110 442 4198 superius
470 4113 665 4185 ascendere,
694 4106 833 4174 levitate
861 4127 942 4174 teto
964 4106 1145 4192 superioris

51 4179 355 4269 mfttiusiuclinari
376 4215 447 4262 riou
467 4193 698 4285 permittente.
737 4189 886 4258 Proinde
907 4186 1141 4276 splendidi-co.-
1248 4188 1251 4203 '
1310 4153 1336 4186 ‘¹

656 4315 776 4381 s's¹
