2854 4978
290 215 369 293 tut
627 159 886 297 Damone
905 209 1080 298 Natam

291 417 360 502 que
383 399 526 470 divinoe
544 415 691 471 naturae
705 401 953 472 beatitudinem
975 399 1146 482 intueturt
1173 403 1268 502 tulta
1286 402 1382 490 prlur

288 485 506 580 participatio
535 487 587 555 est·
606 509 667 576 per
695 489 732 554 le
757 487 956 566 beatitudo,
986 505 1087 574 quam
1117 483 1225 550 veluti
1245 501 1383 554 octauam

289 570 561 660 primordialium
590 571 816 660 participant,
854 573 1020 658 beataque
1050 567 1144 645 lunt,
1179 591 1383 658 quaeeunqut

255 693 261 708 ·
290 677 353 742 per
372 656 406 720 se
425 659 524 722 beata
544 656 623 721 lunt
644 657 770 723 omnia.
798 657 897 721 Nona
918 653 955 720 in
978 652 1097 720 ordine
1117 653 1246 719 theoria
1263 652 1384 720 divinae

240 738 244 748 '
292 759 332 804 ao
352 740 500 805 summae
521 739 673 808 veritatis
695 745 791 821 uulua
811 737 918 828 primu
940 735 1155 826 participatio
1182 759 1242 838 per
1262 736 1384 826 ieipltm

289 820 431 900 veritat,
453 824 646 913 postquam
669 839 703 890 et
721 846 784 912 per
804 845 904 911 quam
926 823 1016 922 quali
1037 819 1304 908 primordialium
1316 841 1384 886 vert

289 905 370 970 lunt
398 925 625 996 quaeeunque
651 929 730 973 veru
753 910 832 972 sunt
854 927 978 973 omma.
1021 904 1162 971 Decimo
1180 905 1318 993 ponitur
1335 925 1386 992 per

270 985 430 1082 ¹seipsum
458 993 637 1058 aeternita‘a
659 1003 745 1080 quae
764 991 873 1080 prima
892 987 1109 1079 participatio
1131 989 1175 1055 eli
1196 991 1337 1054 summat
1355 1005 1387 1052 to

287 1093 389 1137 verae
405 1075 619 1143 ueternitatia
641 1092 676 1140 et
720 1076 767 1142 ost
787 1097 888 1164 quarn
911 1091 945 1140 et
964 1095 1026 1161 per
1046 1095 1147 1163 quam
1169 1087 1302 1138 aeterna
1321 1071 1388 1134 lunt

289 1168 513 1256 quaeeunque
536 1177 670 1241 aeterna
690 1101 769 1225 lunt
792 1158 924 1236 omniat
948 1159 1064 1224 eadem
1083 1156 1172 1223 ratio
1194 1157 1239 1222 est
1258 1159 1388 1241 dumg-

148 1280 151 1290 ι
288 1241 469 1321 nundine,
500 1247 543 1309 de
571 1263 684 1312 amore
712 1260 746 1310 et
767 1264 870 1331 pace,
901 1245 944 1309 de
964 1241 1097 1308 unitate
1118 1257 1153 1306 et
1172 1237 1388 1330 perieptionet

286 1342 350 1469 per
369 1327 430 1392 hta
453 1328 544 1394 enim
564 1327 799 1417 primordiales
818 1327 933 1394 otuiaa
955 1347 975 1390 a
996 1325 1300 1392 summa-omnium
1325 1341 1388 1418 ctu·

247 1481 253 1486 ,
304 1427 323 1472 a
350 1409 561 1476 descendunt
610 1433 810 1501 unocunque
830 1409 1096 1500 magnitudinir,
1128 1407 1269 1484 amorio,
1321 1423 1387 1479 aeut,

287 1491 450 1572 unitatis,
472 1435 692 1582 perfecllonia
713 1495 952 1583 participantia
973 1494 1061 1558 sunt.
1106 1492 1288 1558 Sufficiunt
1297 1429 1387 1562 laer,

287 1588 330 1640 ut
352 1575 513 1655 arbitror‚·
536 1582 579 1644 ad
601 1601 639 1645 ea
662 1601 748 1668 quae
769 1582 928 1645 volumus
949 1578 1218 1660 manifestanda3·
1233 1571 1388 1672 praedicta

287 1657 453 1744 liquidem
483 1662 613 1728 theoria
633 1663 851 1729 uniformiter
871 1663 908 1726 in
932 1661 1090 1728 omnibus
1113 1683 1228 1726 rerum
1251 1675 1387 1723 ommuni

286 1741 485 1832 Principiis,
509 1747 546 1812 in
561 1746 736 1811 inlinitum
752 1769 814 1834 pro
839 1747 1059 1820 redientibuo‚
1079 1745 1207 1811 mentia
1229 1739 1388 1836 obtutibus

290 1825 501 1898 deiformiter
520 1831 654 1906 arridet,
669 1831 796 1918 ubique
812 1770 879 1896 five
897 1829 990 1894 intua
1005 1826 1248 1917 quaeintelligi
1258 1841 1392 1890 etnomt·

287 1910 363 1976 nari
377 1913 523 1993 poliunt,
539 1915 606 1978 live
619 1913 712 1978 intus
745 1935 808 1978 uae
819 1916 889 1979 iolo
898 1913 1329 2000 intellectupercipiuntur,
1341 1905 1388 1990 fig·

287 1993 545 2062 nificationibua
554 2011 666 2062 tamen
678 1937 853 2072 deiciunt,
870 1998 937 2062 five
947 1997 982 2061 in
995 1997 1048 2062 hio
1059 2016 1220 2083 quaenec
1230 1992 1391 2092 iptellpttu

287 2077 1393 2169 comprehenduntumneonominationibusexprimuntunfugtutjl

288 2160 381 2225 enim
397 2165 538 2228 onineni
550 2165 679 2229 lenium
696 2185 901 2250 omnemque
918 2163 1042 2230 mentia
1062 2163 1277 2238 contuitum,
1300 2157 1391 2233 niun

287 2245 452 2332 liquidam
468 2245 650 2312 altitudine
667 2249 733 2312 live
748 2247 899 2314 claritate
912 2251 1148 2314 obscurantur.
1172 2246 1238 2312 lni
1264 2246 1298 2310 lo
1315 2240 1390 2306 enim

79 2309 86 2320 ⁸
196 2349 202 2362 ’
256 2328 368 2392 'lunt
382 2330 423 2394 de
461 2350 505 2393 uo
516 2332 689 2416 Apostolus
700 2331 795 2408 dixit,
811 2327 1214 2426 quisolusltodetim'mm
1250 2331 1391 2394 itotenet

285 2409 389 2476 lucem
471 2417 540 2477 itot
562 2410 830 2508 inaeeeffibilem3
852 2437 917 2481 nee
936 2415 1060 2480 mirum
1083 2417 1107 2481 st
1128 2417 1249 2482 caulae
1269 2411 1392 2509 primur·

288 2494 393 2562 diales
413 2496 451 2562 ln
472 2495 648 2563 infinitum
669 2503 945 2585 protendantur,-
961 2515 1000 2562 ut
1015 2499 1107 2566 enim
1122 2499 1237 2589 prima
1255 2511 1391 2562 ominum

285 2579 384 2644 caula
407 2602 447 2645 ert
468 2603 559 2667 qua,·
570 2597 609 2646 et
629 2582 666 2645 in
689 2601 771 2668 qut,
796 2599 830 2648 et
850 2605 911 2670 per
933 2605 1050 2668 quam.
1081 2599 1117 2648 et
1139 2587 1183 2652 ad
1206 2603 1306 2730 paam
1326 2595 1391 2642 oon·

156 2732 160 2740 ,
288 2661 380 2728 ditae
409 2665 506 2740 sunt,
538 2663 675 2729 infinita
698 2667 751 2730 est.
794 2669 843 2732 lta
865 2681 900 2730 et
920 2665 1011 2765 ipfae
1032 2667 1138 2732 finem
1159 2689 1206 2732 ne
1223 2663 1319 2730 ciunt
1336 2677 1390 2746 quo

285 2747 505 2823 claudantur,
540 2763 674 2835 praeter
707 2749 865 2814 creatoris
888 2749 938 2813 lut
962 2751 1198 2828 voluntatem,
1233 2765 1268 2814 et
1288 2759 1391 2811 notan·

286 2831 368 2896 dum
391 2834 484 2927 quod
506 2835 589 2897 ordo
611 2831 669 2896 ille
690 2831 960 2920 primordialium
980 2835 1174 2909 caularum,
1223 2855 1301 2896 uem
1317 2851 1332 2892 a
1347 2845 1391 2920 tuq

283 2912 413 3062 {aggius
431 2917 632 3064 ldsrcaffllnl
647 2938 709 3014 pro
746 2915 888 3063 {diendi
907 2855 1247 3064 rprodunlpinqonfu‘le
1263 2915 1391 3061 dieaeceonnl

333 3020 417 3062 nm
528 3046 538 3075 ‚
590 3022 608 3064 e
652 3021 689 3064 tn
771 3022 881 3077 eona,
944 3021 1025 3066 oce
1059 3049 1068 3076 ‚
1108 3021 1285 3066 mamma
1382 3021 1391 3037 ·

283 3079 378 3145 tnitu
399 3021 611 3177 quferentim
634 3103 834 3170 earumque,
859 3099 1024 3172 quantum
1049 3086 1166 3160 datur,
1190 3073 1389 3149 notitioni:

241 3233 247 3243 ,
283 3163 393 3250 leiplo
408 3162 658 3252 concipientis,
681 3187 822 3253 eamque
835 3171 1087 3254 quodammodo
1101 3165 1307 3238 ordinantis,
1329 3181 1393 3226 con·

247 3248 250 3256 ’
283 3243 421 3311 stitutus
449 3247 504 3321 fit,
536 3263 577 3312 ut
605 3250 648 3311 de
669 3248 718 3313 eiu
740 3266 869 3315 certum
891 3250 1019 3338 aliquid
1039 3273 1196 3339 puraque
1218 3247 1393 3346 intelligar·

283 3327 333 3394 tia
364 3329 546 3396 definitum
577 3322 800 3419 pronuntiare}
821 3333 930 3420 poffit.
976 3337 1068 3420 lpsae
1091 3336 1261 3424 Equidem
1281 3343 1393 3422 prtmtt

282 3413 403 3480 mulae
423 3411 461 3479 in
483 3414 529 3479 lei
554 3415 594 3482 fia
615 3437 724 3482 unum
746 3417 841 3493 lunt,
878 3433 913 3482 et
934 3418 1117 3505 fimplicoa‚
1152 3418 1311 3506 nullique
1330 3431 1393 3496 cog·

281 3495 359 3564 trito
382 3496 504 3567 ordine
549 3495 707 3576 'ffinitae,
744 3516 803 3566 aut
824 3522 842 3566 t
862 3502 897 3566 se
918 3501 1069 3566 invicem
1090 3502 1310 3602 segregatae,
1337 3499 1390 3562 hoc

283 3580 377 3648 enim
404 3582 443 3649 in
471 3581 649 3650 effectibus
681 3584 748 3652 inia
775 3584 964 3673 patiuntur.
1006 3587 1052 3650 Et
1080 3587 1170 3652 ficut
1200 3609 1241 3650 tn
1263 3579 1392 3652 monade

283 3665 366 3732 dnm
387 3687 507 3734 omne·
527 3666 662 3734 numeri
683 3670 751 3734 iola
771 3667 905 3735 ratione
925 3669 1118 3747 iubfistunt,
1150 3671 1272 3736 nullut
1293 3681 1389 3732 tamen

283 3769 445 3832 numeru·
473 3751 514 3816 ab
539 3749 611 3817 “alio
643 3771 787 3819 numero
809 3751 1030 3831 diacamitur3
1064 3775 1180 3820 unum
1202 3751 1298 3820 mrim
1316 3751 1390 3820 iuuit

282 3845 317 3895 et
343 3833 482 3922 simplex
508 3857 635 3922 unum,
666 3853 701 3904 et
728 3858 802 3903 non
836 3859 877 3902 ex
896 3837 1013 3904 multia
1035 3859 1110 3904 com
1140 3839 1267 3904 olitum
1287 3849 1391 3900 noun·

281 3911 446 4002 dquidem
469 3937 509 3982 ex
530 3921 678 3986 monade
699 3919 811 3988 omnia
831 3941 1051 3987 numerorum
1061 3861 1312 4012 multiplicatio

116 4005 119 4017 '
149 4065 156 4092 ,
280 3997 434 4086 graditur
452 3999 492 4066 in
513 3999 707 4081 infinitum,
728 4025 801 4072 non
824 4019 937 4070 autem
958 4025 1078 4072 monta
1097 4005 1391 4094 exmultipliuqt

280 4095 316 4147 et
337 4102 356 4148 ι
378 4082 414 4149 le
433 4103 497 4172 pro
538 4087 731 4154 edientibua
752 4087 903 4155 numeria
924 4087 1032 4156 veluti
1052 4088 1090 4156 in
1109 4111 1227 4157 unum
1255 4089 1391 4157 notteeut

280 4165 483 4236 oonfioiturt
562 4168 655 4238 iliter
667 4169 901 4262 primordiales
918 4175 1046 4252 cautae,
1064 4176 1149 4242 dum
1175 4173 1215 4242 iu
1228 4162 1389 4256 runculo
