2930 4982
431 133 831 334 :mmmmm
917 235 921 254 ·
1117 199 1196 284 Ns

90 385 175 467 finit.
205 387 284 459 tton
306 387 398 456 euim
418 385 606 478 principare
626 389 818 474 exemplum
838 385 1021 476 imaginem
1037 385 1096 454 fibi
1108 385 1195 454 fimi·

90 475 154 542 lem
176 495 197 539 a
217 472 325 560 seipso
345 489 380 538 et
400 473 586 540 secundum
606 473 749 560 seipsum
769 471 915 546 sactum,⁵
943 473 1092 559 elongari
1115 473 1197 548 sem·

91 579 149 644 per
169 577 189 622 a
210 558 244 628 se
263 559 406 644 quadam
428 556 640 624 deformitate
661 572 696 621 et
716 554 983 622 dissimilitudine
1005 555 1194 644 aut'asiqua

91 638 348 726 compositione.
380 641 437 704 sua
461 638 670 725 fimplicitate
690 654 829 714 remota,
850 638 1029 725 permittit.
1069 641 1197 709 Eadem

90 722 177 790 ratio
197 723 241 791 esi
262 725 305 788 de
324 723 438 802 reditu
457 722 650 790 mortalium
664 721 864 797 hominum,
911 721 1196 809 ualicunquemo·

91 809 134 874 do
154 807 311 872 menalca
332 807 504 882 dicantur,
527 807 582 870 seu
606 804 768 896 quiante
792 745 934 903 aseipiaa
952 827 1016 872 neo
1028 805 1065 870 in
1079 806 1196 878 semet'·

90 887 475 1058 itsttstssi'sst‘niiff
496 887 1197 1070 31:³³3)mittitis'tristitiis
1222 933 1227 958 '

92 1056 145 1119 est.
188 1057 266 1122 Non
300 1054 391 1138 enim
423 1057 623 1132 conveniret
654 1055 852 1120 immortalia
874 1055 1031 1120 creatoris
1052 1055 1199 1120 bonitati

91 1138 272 1236 imaginem
297 1139 388 1204 suam
410 1155 545 1204 aeterna
566 1155 676 1204 morte
697 1138 852 1204 detineri.
904 1141 988 1204 Nam
1011 1142 1102 1226 quod
1122 1161 1197 1204 eam
1299 1159 1303 1170 ’

91 1237 211 1294 merito
243 1224 416 1308 perversae
443 1223 646 1298 voluntatis,
704 1245 747 1303 ua
776 1223 835 1288 srbi
865 1221 1197 1296 obedirenoluerat.

92 1307 265 1378 mortalem
298 1305 370 1370 fieri
400 1306 486 1371 mori
511 1329 554 1371 ue
583 1245 794 1392 permiderat,
844 1307 920 1391 plue
951 1304 1200 1372 misericordiae

92 1410 191 1475 qoam
212 1387 384 1454 vindictae
405 1329 600 1466 manisessat.
633 1389 806 1476 Siquidem
827 1387 993 1474 corrigere
1013 1411 1103 1464 eam,
1127 1407 1200 1456 cor-

92 1488 283 1557 rectamque
313 1475 356 1538 ad
375 1470 513 1558 seipsam
533 1493 710 1548 revocaret
739 1491 810 1538 nott
831 1487 944 1538 autem
961 1471 1198 1548 incorrectam,

92 1557 285 1640 semperque
293 1557 461 1642 expulsam
474 1573 507 1620 et
517 1555 553 1622 in
562 1555 736 1620 infinitum
747 1557 935 1702 elonpatam
944 1555 1065 1621 voluit.
1091 1555 1198 1620 Siita-

115 1661 159 1707 ue
170 1641 215 1712 de
231 1638 352 1710 talibus
364 1659 435 1713 nou
449 1642 620 1726 quomodo
629 1640 716 1710 facta
727 1640 818 1714 sunt,
847 1642 888 1706 ed
898 1638 1199 1728 quaratiorrefacta

90 1661 319 1790 suutcouarie
341 1722 481 1787 astruere
492 1769 509 1796 ,ι
524 1745 632 1788 unum
653 1723 711 1809 qui
737 1746 781 1809 pe
803 1744 937 1788 omnem
954 1723 1086 1809 superat
1102 1721 1201 1788 intes·
1238 1769 1242 1778 .

91 1807 239 1880 lectum,
263 1807 404 1870 alterum
448 1807 674 1880 eodemmodo
698 1747 891 1872 tdeomticia
913 1805 1199 1892 speculationibut

92 1887 389 1974 comprehensibile
411 1827 566 1958 eirenen
589 1892 676 1954 dene
699 1905 792 1966 atur,
824 1890 978 1955 utnulla
999 1891 1041 1954 de
1064 1909 1106 1954 eo
1126 1889 1199 1952 red

94 1971 128 2039 di
157 1969 257 2057 poffit
282 1969 389 2048 ratio;
421 1987 455 2036 et
476 1994 539 2058 ego
561 1913 761 2041 nounudlam
783 1973 950 2038 rationem
972 1975 1014 2038 de
1033 1969 1201 2072 praesenti

92 2054 283 2141 quaestione
306 2057 458 2122 conabor
484 2059 643 2132 reddere.¹
678 2057 819 2121 Videtur
848 2055 940 2121 euim
960 2055 1045 2122 mihr
1066 2069 1201 2142 propto-
1239 2099 1243 2109 ι

90 2160 146 2204 rea
165 2137 276 2210 totino:
292 2139 516 2212 universitatis
538 2138 696 2210 conditae
718 2153 952 2213 creatoremet
972 2137 1201 2217 ordinatorem

91 2220 336 2288 irrationabile·
369 2237 482 2287 mutua
510 2225 683 2310 perversae
714 2225 880 2288 malorum
910 2237 944 2286 et
965 2223 1144 2288 hominum
1167 2235 1202 2286 et

91 2307 289 2404 augelorum
318 2304 505 2370 voluntatia
533 2307 623 2370 intra
651 2327 723 2370 eam
747 2303 862 2391 puniri
883 2303 1005 2382 fiviffe,
1039 2306 1109 2391 ipsa
1130 2302 1198 2370 vic.

90 2385 306 2452 universitate
333 2386 492 2452 omnibus
523 2387 700 2454 contrariis
727 2386 932 2474 paffionibua
962 2388 1109 2452 absoluta
1132 2407 1201 2452 om·

91 2471 1204 2647 settim:imWzttzatt‘tztsssittr5525

90 2652 146 2702 tur
175 2652 211 2702 at
238 2602 444 2702 exaltarem}
471 2652 549 2702 rata
576 2638 730 2704 uoluntas
759 2635 926 2727 iussorum.
968 2637 1125 2712 Etenim,
1162 2649 1203 2698 ut
1340 2675 1344 2682 ,

90 2720 162 2807 ipse
182 2720 250 2796 ait,
271 2726 399 2808 pignam
419 2722 555 2787 colorem
577 2726 663 2786 inter
683 2737 808 2788 ceteros
829 2730 885 2786 ors
898 2724 1051 2800 picturae
1070 2711 1203 2866 irrepse-

91 2810 153 2878 rit,
174 2819 213 2870 ut
233 2827 276 2870 eu
296 2809 540 2888 comparatione
553 2803 673 2894 ipsius,
695 2808 771 2874 dum
786 2807 941 2872 obscurus
954 2809 1108 2882 cernitur,
1157 2807 1202 2870 io·
1229 2841 1231 2848 ,

90 2909 162 2952 rum
193 2890 333 2954 colonun
362 2891 504 2954 claritas
531 2891 698 2974 prodetur.
740 2891 827 2954 Nam
859 2891 951 2987 quod
973 2889 1122 2954 deforme
1142 2907 1205 2973 per

90 2971 235 3058 seipsum
267 2971 303 3036 in
325 2988 419 3058 parte
442 2972 552 3060 aliqua
574 2972 1040 3046 universitatia¹exrstimatur,
1070 2972 1107 3038 in
1131 2984 1205 3034 toto
1237 2993 1240 3000 ·

88 3075 163 3120 nou
192 3057 299 3122 solum
320 3057 497 3142 pulcrum,
520 3078 596 3122 eum
618 3059 736 3155 pulcre
758 3055 976 3131 ordinatum,
1000 3055 1059 3127 est,
1084 3073 1203 3118 verum

90 3137 194 3204 etiam
218 3137 381 3225 generalia
402 3138 644 3225 pulcritudinrt
667 3139 762 3204 causa
785 3137 943 3214 efficitur3
967 3155 1001 3203 et
1018 3138 1062 3202 est
1078 3136 1205 3236 sapien·

90 3219 140 3286 tia
162 3244 202 3286 ex
225 3222 407 3290 collatione
428 3222 659 3309 insapientiae,
683 3221 822 3287 scientia
845 3245 884 3285 ex
908 3221 1089 3288 collatione
1110 3239 1207 3306 igno·

88 3305 232 3380 tantiae,
243 3327 337 3391 quae
362 3306 405 3368 est
420 3327 480 3391 per
500 3306 679 3378 desectum¹
694 3321 728 3370 et
740 3305 978 3391 privationem,
996 3321 1029 3370 et
1043 3321 1083 3369 ιιι
1096 3302 1207 3368 brevi·

89 3403 144 3452 ter
176 3388 302 3464 dicam,
332 3409 450 3454 omnen
481 3388 624 3454 virtuter
658 3409 696 3452 ex
728 3387 887 3475 oppositis
909 3389 968 3456 fibi
990 3386 1101 3462 vitiis,
1134 3406 1205 3450 non

85 3472 200 3538 solum
222 3474 357 3538 laudem
379 3487 594 3558 comparant,
616 3493 734 3536 verum
758 3469 858 3536 etiam
879 3473 947 3538 fine
967 3471 1102 3537 illorum
1117 3487 1208 3534 com·

86 3552 268 3641 paratione
299 3556 434 3619 laudem
465 3576 537 3620 non
560 3559 601 3620 ad
625 3554 785 3620 uirerent.
828 3557 955 3644 Eadem
976 3552 1110 3619 ratione
1131 3554 1208 3616 hea-
1240 3611 1244 3619 .

88 3635 207 3702 titudo
234 3637 393 3717 juliorum
427 3637 567 3725 gloriam
589 3575 648 3704 sadai
670 3636 807 3703 invenit
827 3657 867 3702 ex
890 3634 1063 3736 supplicii·
1088 3631 1209 3782 inpio·

86 3741 190 3795 rum.
211 3719 441 3820 gaudiumque
461 3724 571 3786 bonae
592 3719 778 3786 voluntaria
800 3741 840 3784 ex
862 3720 992 3786 tristrtra
1011 3738 1131 3804 perver
1145 3738 1207 3794 ae;

87 3818 128 3870 et
156 3818 198 3868 ut
225 3825 304 3870 vera
331 3821 419 3869 ratro
471 3803 674 3871 ronuuciare
694 3825 765 3870 nou
788 3803 955 3889 trepidat,
985 3799 1100 3867 omnia
1145 3819 1210 3865 uae

85 3885 128 3952 in
151 3887 304 3975 partibus
325 3827 550 3953 univerdtatia
572 3888 680 3962 mala,
714 3886 905 3961 inhonesta,
928 3885 1056 3972 turpia,
1079 3823 1209 3958 misera,

84 3966 258 4058 supplicia
282 3993 326 4042 ue
346 3974 387 4036 ab
408 3969 463 4036 hia
486 3970 546 4058 qui
567 3971 662 4046 simu]
683 3967 800 4035 omnia
821 3971 1028 4035 considerare
1048 3987 1119 4034 nou
1136 3965 1211 4112 pos:

85 4053 190 4129 sunt,
221 4058 258 4134 ju
284 4052 436 4131 ‘cantura
465 4051 502 4118 in
525 4052 813 4141 contemplatione
836 4050 1080 4126 universitatis,
1102 4063 1212 4114 reutr

88 4135 203 4206 tutiua
236 4139 413 4236 calcedam
443 4137 596 4226 picturae
620 4134 869 4226 pulcritudini·
899 4148 1013 4224 neque
1043 4129 1208 4222 supplicia
1342 4179 1350 4192 .
