2930 4982
272 215 284 222 ’
410 217 794 313 ·'tatm·oaaaut..
919 211 926 220 “
1098 229 1178 300 449

66 435 171 502 quum
192 406 313 500 llng'uli
326 413 542 478 'intuentium
564 414 689 502 quique
710 400 950 501 proprietatem
977 406 1068 481 suam
1088 405 1188 482 obtiff·

66 514 169 572 nant,
203 500 283 562 dum
305 497 393 562 circa
414 519 516 562 unam
540 501 748 584 eandemque
770 520 841 562 rem
862 497 1007 563 mirabili
1032 503 1175 587 quadam
1231 531 1233 538 ⁴

64 575 481 668 adunationeversqn'tur:
504 579 586 680 quid
608 581 730 648 mirum
752 581 775 644 st
797 595 868 646 tota
888 584 1035 646 humana
1055 597 1175 648 natura

65 665 104 729 in
135 664 301 729 unitatem
324 667 490 764 quandam
513 664 718 728 ineffabilem
738 651 929 750 redigatur,
963 666 1177 752 proprietati-

63 751 127 813 bue
150 747 375 834 et‘corpona,
399 763 433 810 et
455 747 604 822 animae,
627 764 661 810 et
681 747 872 812 intellectus
888 748 1188 832 incommutabili:

63 846 115 895 ter
144 831 446 916 permanentibual
478 831 794 916 ttiuaexemptum
828 853 867 894 ex
896 832 1102 896 sensibilibus
1124 831 1179 894 in·

60 913 586 1083 bstrtt‘ltttthlttt?
619 913 800 1062 lllllll
819 915 1018 1061 illisi?
1031 913 1176 1084 stall

62 1081 210 1145 Ecclesia
231 1083 353 1148 multae
373 1077 526 1146 lucernae
548 1082 642 1162 simul
665 1084 832 1156 ardentes,
856 1097 890 1143 et
911 1101 957 1163 ert
972 1081 1106 1146 diversit
1128 1081 1175 1144 se·
1269 1109 1272 1122 ·

23 1224 27 1236 ,
62 1163 165 1262 clibut
186 1166 379 1310 lamfadum
400 1166 588 1251 fulgentes:
609 1185 727 1229 nonne
746 1185 854 1228 unum
876 1165 992 1228 lumen
1011 1162 1173 1243 efficiunt,

60 1262 110 1310 rta
144 1260 185 1309 ut
206 1265 253 1310 nu

58 1329 116 1394 nia
143 1331 352 1416 lingularum·
371 1333 565 1418 lampadum
595 1335 635 1396 ab
664 1333 799 1394 altanus
838 1330 968 1394 lumine
990 1327 1088 1417 poffit
1111 1330 1175 1395 dia-

60 1414 226 1494 oernere?
247 1417 299 1478 Eo
321 1431 433 1479 autem
456 1427 653 1502 argumento
676 1414 914 1479 incunctanter
935 1401 1175 1500 apertiffirlrum

60 1497 108 1561 est
127 1497 315 1561 multarum¹
332 1500 526 1586 lampadum
546 1497 675 1562 lumina
697 1498 791 1561 nullo
813 1500 916 1562 modo
939 1499 1001 1561 elle
1023 1497 1172 1573 contusa,

60 1581 121 1644 sed
135 1580 352 1646 'solummodo
376 1588 531 1646 adunata.
562 1575 648 1645 Nam
665 1579 782 1667 fiquia,
804 1579 904 1646 verbi
916 1580 1040 1668 gratia,
1062 1583 1174 1646 lucem

58 1662 345 1750 uniua'lampadia
370 1685 410 1729 ex
430 1665 500 1751 ipsa
523 1666 624 1729 domo
649 1664 686 1728 ln
707 1683 772 1748 qua
792 1661 927 1738 lucent,
961 1665 1168 1740 subtraxerit,

58 1761 97 1810 et
120 1747 276 1826 aliorsum
291 1747 433 1812 .duxerit
449 1752 640 1823 ardentem,
665 1750 706 1813 de
718 1746 929 1835 suoptoprlo
939 1746 1072 1828 lumine
1085 1747 1177 1811 inter-

58 1845 249 1896 ceterarum
270 1829 462 1917 lampadum
479 1829 775 1918 splendorea'nihil
787 1831 973 1916 relinquet,
996 1830 1083 1895 nihil
1097 1830 1175 1894 alia·

56 1935 137 1978 rum
157 1913 296 1980 laminir
319 1917 499 1982 subtrahet.
543 1915 599 1979 Sic
627 1918 669 1979 ela
690 1914 811 1978 cetaria
834 1913 991 1993 omnibus
1013 1913 1177 2000 lampadi·

58 2000 127 2080 bur
151 1997 374 2063 sentiendum.
417 2001 503 2063 Nam
525 1996 549 2062 [ι
572 2011 606 2062 e't
626 1997 717 2084 ipsae
738 1998 925 2062 subtractae
943 1995 1088 2073 suerint,
1120 1995 1172 2061 nil

56 2079 165 2145 alieni
188 2081 327 2148 luminis
348 2083 460 2147 secum
482 2085 698 2158 lhbtrahent,
721 2081 772 2146 nil
792 2080 923 2168 proprii
945 2081 1128 2147 dimittent.
1237 2089 1242 2096 '

126 2180 175 2242 13.
208 2167 298 2230 Num
329 2165 424 2237 finiti
456 2170 558 2232 modo
582 2169 628 2230 de
645 2165 803 2230 humanis
826 2164 1060 2252 organicisque
1080 2164 1178 2230 voci·

53 2251 130 2328 buex
146 2247 375 2334 intelligitur?
400 2249 539 2336 Singula
561 2269 713 2336 quaeque
735 2269 819 2323 vox,
842 2235 908 2313 lire
925 2252 1082 2324 humana,
1107 2235 1193 2314 strex

54 2329 212 2396 fistularis
244 2331 428 2414 rettyrica
458 2333 652 2419 qualitatem
673 2333 774 2397 ‘suam
793 2335 917 2396 habere
938 2354 1009 2398 non
1033 2332 1171 2397 desistit:

54 2418 143 2480 dum
175 2429 278 2479 unam
312 2415 522 2480 harmoniam
552 2415 643 2479 inter
672 2411 703 2480 le
734 2417 847 2501 ploret
870 2415 1001 2480 unitate
1024 2427 1175 2502 congrua

52 2497 215 2584 analogia
245 2496 406 2562 efficiunt.
450 2499 515 2566 Ubi
544 2499 646 2562 etiam
680 2514 833 2585 apertum
866 2513 1100 2584 argumentum
1130 2499 1174 2562 de

49 2581 151 2646 sonia
174 2583 289 2657 datur,
312 2583 404 2668 quod
426 2581 517 2646 inse
539 2580 688 2646 invicem
710 2603 780 2646 non
803 2581 1082 2662 confunduntur,
1115 2581 1184 2646 sed*

51 2666 274 2730 solummodo
295 2669 496 2730 adunantur.
540 2667 625 2729 Nam
654 2665 677 2729 st
699 2663 742 2728 ali
767 2685 810 2729 ua
830 2685 906 2729 vox.
921 2681 966 2728 er
981 2663 1059 2748 ipfia
1080 2664 1174 2729 salue·

49 2749 134 2822 rit,
158 2749 225 2813 sola
256 2747 385 2823 silebit,
419 2770 483 2813 nae
505 2746 715 2813 de'ntelodia
735 2687 861 2826 silentia
881 2746 1103 2811 interssadhuc'
1124 2747 1172 2811 so·
1300 2813 1302 2816 .

50 2846 182 2896 nantes
204 2829 384 2918 quicquam
404 2835 550 2896 resultat.
593 2837 650 2896 Etr
665 2851 732 2917 quo
753 2830 963 2895 mnalfeslutn
987 2829 1046 2903 est,
1080 2832 1181 2928 queat
1198 2857 1229 2914 γ

267 1250 318 1311 lua
341 1269 522 1334 corporeus
542 1248 653 1312 sensus
675 1249 713 1311 fit
735 1247 792 1346 qui
814 1247 1053 1332 'proprietatem
1074 1249 1175 1315 tumi-
1221 1321 1223 1326 .
1320 1257 1331 1272 '

53 2917 200 3002 quando
221 2914 311 2979 inter
333 2931 458 2981 ceteras
479 2913 614 2991 sonuit,⁴
641 2913 882 3001 proprietatem
902 2915 983 2995 suae
1002 2913 1192 3000 qualitatie·
1294 2922 1303 2976 “,

47 2997 260 3064 observavit.
282 3033 291 3044 ··
303 2999 388 3062 Nam
404 3001 434 3062 'si
457 2999 937 3076 cumattiacontnndaretur,
954 3007 1044 3060 'nort
1060 2998 1174 3084 pollet

49 3097 169 3147 totam
192 3083 224 3144 se
245 3081 371 3147 silendo
392 3082 608 3147 subtrahere·
640 3083 743 3176 Quqtl
763 3079 1099 3146 enimconfunditur
1115 3081 1173 3144 vel
1237 3121 1239 3125 ·
1269 3107 1275 3120 ·

46 3165 242 3239 niteatur,
264 3185 353 3244 ⁸non
391 3165 488 3230 facile
513 3165 561 3229 'in
593 3167 683 3229 suam
714 3163 1172 3252 proprietatem'uelblvitun

45 3248 124 3319 flia
145 3247 261 3334 itaque
282 3263 382 3334 atquc
406 3249 608 3333 hujusmodi
623 3271 739 3328 rerum
759 3243 1029 3335 intelligibilium
1047 3264 1082 3313 et
1100 3251 1173 3313 sen·
1251 3249 1256 3260 ’

42 3329 203 3398 sibilium
234 3332 394 3418 exemplis
421 3331 770 3418 facillime'posstrmua
794 3343 1016 3420 cognoscere,
1047 3336 1173 3396 adana·

40 3417 188 3481 tionem
209 3417 376 3480 humanae
399 3431 539 3496 naturae
559 3415 632 3480 fieri
655 3414 764 3501 polle,
785 3411 1047 3502 proprietatibua
1063 3416 1183 3514 fingur'
1214 3403 1222 3426 ⁸

39 3503 167 3564 larum
197 3497 448 3564 substantiarum
489 3498 680 3565 observatit:
710 3498 790 3584 'Sed
810 3498 1038 3586 quoniam'de
1058 3501 1172 3576 reditu

37 3585 165 3649 sermo
196 3581 254 3656 esl,
290 3581 508 3647 necessarium
535 3599 696 3670 quaerere
720 3585 816 3669 qnod
838 3597 968 3668 *corpur
999 3577 1172 3644 inanima

38 3665 271 3732 reversurum
293 3666 354 3742 fit,
392 3680 434 3730 ut
454 3665 617 3730 flatuum·
631 3665 701 3752 ipsa
710 3681 732 3750 ,ζ
754 3667 839 3730 ficut
860 3661 1040 3750 Gregorius
1061 3663 1183 3728 Theo-'1

36 3753 158 3836 logue
180 3745 246 3824 ait,
268 3771 350 3814 umes
363 3745 565 3854 'ethpiritus
587 3761 620 3812 et
640 3753 767 3815 unimur
786 3751 952 3839 esDausr
968 3747 1023 3809 *rel
1043 3761 1083 3810 ut
1093 3741 1187 3838 fer-'

37 3847 221 3900 mentetua
237 3836 275 3896 sn
297 3855 392 3898 unum
414 3829 677 3924 incomposttum,
701 3848 741 3896 ut
758 3837 877 3898 beatur
892 3827 1080 3896 Ambrosius
1094 3834 1172 3895 edo·

34 3931 128 3985 cett
164 3917 386 3984 fisubslantia
406 3911 679 4006 ipsiua'corporia
702 3916 778 3981 dlco
799 3918 929 4004 semper
949 3913 1172 3980 incommuta·

31 4000 173 4069 biliter
198 4002 328 4087 xabeque
345 4003 425 4086 ulla
453 4000 723 4074 commutatione
750 3999 964 4086 permansura
987 3997 1035 4060 sat.
1068 4001 1183 4062 *Idem

31 4088 174 4170 itaqua
214 4085 349 4150 sanctur
381 4087 562 4172 Gregorius
594 4083 764 4172 praefatur
796 4081 913 4170 paucia
944 4081 1054 4146 rerbia
1069 4084 1175 4146 hane

30 4166 285 4260 quaestionem
305 4169 422 4246 solvit,
446 4169 581 4236 dicente
594 4162 906 4262 Absorpeowoita
924 4163 1114 4233 arlmorratr·
1135 4177 1189 4227 et·
1214 4198 1217 4205 ·

683 4289 723 4356 99
