2930 4982
310 241 389 313 aaa
499 315 502 320 ,
647 247 701 316 oe
721 247 902 350 oetam
923 243 1096 316 Naturae

307 439 372 494 na'e
400 441 541 493 naturae
567 435 779 516 acceptorem
797 441 845 496 'et
863 431 1065 496 salvatorem
1082 445 1155 496 nort
1177 437 1274 496 rotant
1314 431 1384 508 'sna

307 513 372 576 sed'
397 515 731 612 quantulamcunque
761 523 892 602 partem'
931 517 1017 596 ejue'
1033 511 1194 602 accepisse
1220 514 1284 578 ets
1310 517 1386 590 talse,

306 598 400 684 quod
422 599 558 661 credere
579 597 767 683 superroree
788 597 1117 663 tatiouea'resutant.
1162 599 1204 662 D.
1226 602 1289 662 lam
1306 599 1389 662 tideo

307 678 460 764 undique
487 701 542 744 me
572 695 707 767 captum
725 683 931 770 ‘nullamque
965 681 1132 747 'rationem
1160 681 1311 768 reperire,
1338 701 1389 826 qur

305 761 425 850 possim
455 763 595 827 astruere
624 763 787 830 malitiam
816 781 1029 852 mortemque
1057 786 1095 830 ac
1115 763 1276 830 miseriam
1291 762 1324 827 in
1360 785 1389 826 a·

307 845 471 911 manitate
502 861 560 910 aut
588 846 625 910 in
661 863 732 912 tota
755 847 870 914 autin
893 848 1003 936 aliqua
1024 863 1120 934 parte
1140 849 1212 930 eiua
1233 847 1393 913 dominatu·

306 945 634 1020 ram-perpetuoque
645 930 918 1030 permansuram
930 937 1047 1018 'quum
1064 931 1101 998 in
1118 933 1221 996 verbo
1231 931 1301 1006 Dei,
1320 929 1392 1018 quoi

208 1086 214 1103 .
308 1031 382 1077 eam
404 1029 511 1078 totam
533 1013 570 1077 in
593 1030 725 1092 unitate
748 1016 825 1080 suae
847 1013 1044 1080 substantiae
1066 1015 1231 1102 succepit,
1253 1013 1395 1079 univola-

305 1097 383 1168 liter
396 1112 451 1180 set
481 1099 632 1162 redemta
654 1113 688 1162 et
708 1097 848 1162 liberata
870 1097 941 1165 estt'
967 1119 1005 1162 ac
1053 1121 1088 1164 er
1107 1101 1175 1162 hoc
1193 1096 1394 1162 retractatio

307 1179 491 1246 cinationie
521 1179 648 1246 vi'rtut'e
669 1183 863 1268 superatne,
896 1203 1002 1268 cogor
1022 1121 1119 1248 iiten
1141 1197 1245 1245 totam
1264 1177 1394 1244 humani·
1431 1213 1432 1240 t

309 1278 415 1326 tatem
445 1263 483 1327 in
516 1265 674 1330 omnibus
697 1283 769 1336 eam
791 1265 1073 1352 participantibus
1094 1263 1313 1336 liberandam,
1341 1282 1395 1326 om·

306 1346 477 1433 nibueque
510 1347 659 1412 malitiae
695 1347 844 1413 vinculis
865 1349 1051 1437 mortisque
1076 1346 1337 1448 atquemiseriae
1355 1345 1396 1407 ab

306 1431 522 1495 solvendamt.
540 1435 676 1518 quando
699 1433 735 1496 in
759 1432 832 1496 suaa
854 1434 987 1505 causae,
1017 1450 1102 1520 quae
1176 1431 1241 1495 Tuo
1262 1431 1397 1494 salvatore

305 1513 496 1587 subsistunt,
519 1515 692 1579 reversura
714 1515 768 1580 est.
811 1518 931 1582 Adhuc
953 1517 1111 1580 tamend
1144 1514 1257 1590 ibero,
1285 1513 1396 1576 secumt

303 1602 371 1678 jam
404 1601 445 1662 de
473 1597 686 1662 humanitate
719 1597 847 1677 saetae,
876 1609 991 1664 utrum
1013 1597 1247 1663 universaliter
1266 1595 1300 1660 in
1321 1591 1398 1660 omni

304 1693 456 1746 creatura
486 1681 614 1745 malitia
642 1683 848 1758 abolebitur,
881 1705 923 1747 an
945 1683 981 1747 in
1004 1683 1073 1747 sola
1096 1681 1314 1746 humanitate.
1352 1680 1397 1740 le·
1431 1755 1432 1758 Ἴ

303 1763 403 1829 stimo'
426 1787 577 1852 ¹namque
609 1764 796 1832 diabolicos
829 1765 959 1832 animoa
990 1773 1167 1854 nunquam
1196 1761 1321 1830 malitia
1345 1778 1399 1824 ora·
1431 1783 1432 1794 ¹

304 1845 474 1936 nibueque
489 1857 493 1872 '
509 1871 582 1912 eam
615 1849 898 1936 consequentibus
909 1853 919 1927 J
932 1848 1106 1916 carituros.
1149 1851 1199 1914 Ac
1219 1869 1280 1936 per
1297 1847 1355 1909 hoc
1371 1841 1400 1904 li·

304 1947 360 1996 cet
382 1930 428 2006 ‚in
448 1933 532 1995 ¹sola
553 1932 764 1997 humanitate
787 1936 879 1998 dono
902 1932 1039 1998 divinae
1083 1931 1188 1996 ratiae
1210 1927 1399 2012 naturalique

304 2015 434 2078 virtute
460 2013 691 2101 cooperatrice
722 2015 852 2080 malitia
879 2017 1017 2102 periitne
1048 1955 1249 2098 aloleatur;
1275 2013 1310 2076 in
1336 2013 1402 2072 Dae·

304 2116 447 2162 monum
477 2114 589 2168 tamen
625 2101 835 2166 nature¹line
857 2100 927 2163 fine
946 2099 1234 2188 perseveraturam
1279 2111 1349 2168 nro,
1376 2103 1401 2151 0¹

203 2181 209 2198 “
303 2181 340 2245 in
373 2180 463 2267 ipsoa
497 2179 633 2247 divinae
663 2183 809 2247 bonitati
841 2199 1019 2248 coaeterna
1052 2181 1126 2246 erit.
1178 2183 1230 2244 Μ.
1294 2179 1401 2243 ondam

304 2265 393 2328 clare
414 2262 591 2354 perspicia,
614 2282 654 2336 ut
675 2267 817 2358 opinor,
840 2270 952 2330 Deum
973 2267 1102 2332 nullam
1120 2277 1399 2346 creaturamqutm

306 2345 406 2422 iecit,
430 2347 571 2435 punire,
594 2350 717 2414 necin
741 2351 889 2415 humana
911 2369 977 2414 nec
997 2348 1034 2413 in
1050 2351 1270 2414 Daemonum
1284 2343 1405 2409 subsita-

305 2429 456 2508 tia·;·sed
476 2434 568 2518 quod
588 2453 660 2520 pon
683 2433 781 2508 fecit,
801 2431 841 2496 in
864 2432 1022 2498 omnibua
1043 2431 1164 2520 punit,
1188 2435 1259 2496 hoc
1282 2427 1324 2492 esi
1340 2426 1402 2522 irra-

303 2513 484 2580 tionabilea
505 2517 677 2601 perversae
698 2515 885 2582 voluntatis
906 2531 1030 2582 motus.
1074 2517 1122 2580 Ac
1142 2533 1189 2580 ne
1212 2517 1255 2578 de
1271 2509 1401 2604 hocdtu·

240 2604 266 2670 d
302 2597 372 2664 tiua
399 2599 556 2672 haesiteat
588 2600 674 2666 audi·
689 2603 827 2666 beatum
848 2597 1070 2686 augustinum
1102 2598 1139 2661 in
1170 2595 1352 2662 undecimo
1374 2591 1402 2650 lt·

304 2685 366 2748 bro
388 2681 587 2753 Hexaemeri
609 2683 659 2748 sui
683 2683 872 2756 dicentem,
913 2683 954 2748 de
974 2695 1096 2748 natura
1112 2683 1332 2747 'Daemonum
1352 2693 1403 2736 mt-

303 2765 377 2834 litia
401 2787 445 2830 ue
473 2766 668 2852 disputans:
701 2763 913 2853 „Nonnullh
943 2769 1068 2848 inquit,
1106 2786 1206 2842 eum,
1245 2757 1405 2853 Diabolup

305 2786 481 2922 videiieet,
502 2870 574 2912 non
598 2849 634 2913 in
656 2851 747 2915 hanc
767 2848 931 2914 malitiam
945 2849 1060 2914 libem
1080 2847 1274 2931 voluntatis
1288 2841 1404 2910 arbitno

306 2933 370 2998 ess'e
393 2933 576 3008 deflexum,
599 2934 656 2996 sed
677 2932 714 2996 in
735 2935 799 2997 hac
819 2931 961 3000 omnino
979 2947 1128 2998 creatum
1139 2944 1285 3018 putant,
1313 2943 1406 3024 quau·

304 3016 357 3080 via
388 3038 407 3079 a
436 3014 586 3080 Domino
621 3019 696 3079 Deo
730 3017 860 3081 summo
893 3029 928 3078 et
947 3035 1027 3080 vero
1049 3031 1250 3080 naturarum
1273 3025 1405 3078 omnum

309 3113 475 3164 creatore:
499 3098 730 3186 adhibentque
751 3097 978 3164 testimonium
1002 3097 1242 3175 delibro¹lob,
1266 3091 1406 3184 quonian

308 3181 357 3246 ibi
381 3181 542 3268 scripturn
564 3182 627 3257 est,
650 3203 728 3246 curu
751 3185 793 3246 de
813 3181 874 3248 illo
896 3181 1002 3246 sermo
1019 3183 1113 3246 esset:
1137 3183 1217 3246 Hoc
1233 3176 1406 3244 estinitiau

311 3264 466 3352 figmenti
489 3264 650 3340 Domini,
674 3268 767 3351 quod
790 3264 872 3329 seuit
892 3281 932 3328 ut
950 3265 1114 3330 illudatur
1135 3267 1177 3330 ab
1193 3261 1326 3352 angelis
1344 3263 1405 3338 eiua

306 3347 373 3415 Cui
408 3349 595 3414 sententiae
628 3347 787 3434 congruit
815 3349 908 3436 quod
936 3346 972 3410 in
1001 3348 1133 3413 Psalmo
1161 3349 1329 3434 scripturn
1360 3339 1408 3434 ellss

249 3501 250 3507 ἵ
307 3431 417 3496 Draco
439 3431 498 3498 hio
520 3455 619 3534 quem
643 3431 763 3496 finxisti
785 3433 834 3496 ad'
849 3429 1136 3495 illudendum·ei=
1168 3429 1236 3496 nifi
1259 3427 1407 3523 quodbtt

352 3537 405 3580 em
426 3514 547 3581 finxistt
572 3513 675 3582 dixitr
697 3535 769 3580 non
792 3527 905 3578 autem
927 3515 1011 3578 licut
1032 3511 1105 3590 ibi,
1125 3515 1196 3579 hoe
1221 3513 1268 3578 eil
1289 3509 1407 3576 initmu

303 3537 461 3684 ignienti
492 3597 645 3665 dominia
678 3613 839 3686 tanquam
870 3595 972 3663 initio
1005 3619 1082 3662 eum
1113 3597 1162 3662 it'a
1189 3595 1356 3668 finxisset,
1380 3599 1432 3649 nt*

187 3719 191 3725 ·
302 3684 432 3758 maluo,
457 3692 497 3747 ut
516 3680 676 3756 invidus,
696 3697 737 3746 ut
759 3682 939 3758 seductor,
968 3695 1009 3744 ut
1029 3679 1187 3746 omnino*
1199 3679 1357 3746 diabolus
1374 3669 1406 3735 tl·

304 3765 371 3840 set,
405 3786 477 3831 non
495 3765 683 3832 ¹voluntate
707 3769 758 3832 'de
783 3779 938 3840 meatur,
964 3765 1030 3830 ‘sed
1063 3762 1112 3828 ita
1143 3779 1292 3830 creatur.
1335 3761 1408 3824 litet

304 3845 422 3934 opinio
452 3849 624 3936 quomodo
653 3847 738 3914 non'
756 3787 796 3912 it
814 3846 958 3914 ‘aduersa
988 3847 1019 3912 ei
1048 3849 1146 3936 quod.
1171 3847 1340 3936 scriptum
1362 3837 1407 3904 el:

303 3931 399 3996 Fecit
431 3935 523 4031 Deru
553 3932 668 3998 omnia
700 3934 789 3996 bona
815 3933 941 3995 valde:
978 3931 1054 3996 ubi'
1072 3931 1254 4031 invenitur
1277 3925 1408 4021 diabolus

303 4099 378 4162 ne,
401 4016 1170 4185 stabilitati,tettalias-titi,
1183 4015 1406 4163 'tilithi

304 4035 375 4078 non

275 4223 281 4238 .
303 4181 426 4247 insulse
452 4181 551 4247 etiam
573 4181 633 4246 vel
650 4181 821 4248 inerudite
840 4179 1019 4256 asseratur,
1055 4193 1128 4249 non‘
1149 4177 1288 4246 tantum
1311 4167 1405 4243 condi

783 4473 791 4493 a
803 4499 812 4534 χ
916 4533 919 4540 r
