2854 4978
250 205 324 302 tao
588 221 1038 300 nemeaeum.

251 413 338 482 nino
363 409 495 489 nihilo,
524 411 549 478 fi
571 407 686 478 uidem
705 431 778 477 non
800 407 884 476 aliua
905 407 950 474 est
970 423 1088 478 auctor
1105 405 1227 476 mundi
1250 407 1294 474 de
1313 405 1366 473 iu·

252 493 354 563 formi
381 494 520 563 materia
550 431 647 573 iacti,
678 511 716 560 et
745 493 831 560 aliua
852 492 953 582 ipliue
973 492 1132 560 materiae
1154 495 1197 558 de
1218 490 1362 557 omnino

251 579 363 647 nihilo
391 579 485 666 priue
513 593 660 655 creatae,
693 579 750 644 fed
776 596 866 642 unua
889 593 988 664 atque
1008 577 1099 642 idem
1120 575 1299 662 utriusque
1319 575 1365 640 eli

250 663 427 739 conditor3
460 661 621 762 quoniam
650 664 691 727 ab
717 683 787 732 uno
816 659 987 748 principio
1018 660 1132 726 omnia
1166 680 1253 748 quae
1273 660 1363 732 funt,

250 747 318 814 lire
337 747 515 821 informia,
537 747 606 810 five
626 743 777 821 fonnata,
798 748 1010 832 procedunt;
1034 747 1074 808 ab
1096 763 1166 808 uno
1180 742 1273 806 enim
1290 739 1366 806 uni·

251 831 387 896 verfitaa
413 843 525 894 creata
552 827 615 904 est,
650 829 735 894 ficut
759 831 944 892 amonade
967 833 1090 894 omnea'
1104 824 1257 902 numeri,
1291 841 1327 889 et
1348 845 1367 888 a

251 929 370 980 centro
392 932 509 977 omnes
528 911 657 990 lineae,
681 927 882 1000 erumpunt3
920 935 998 976 nam
1020 909 1111 976 etin
1133 913 1200 976 boc
1220 908 1369 975 maxime

252 996 451 1062 secularium
479 995 777 1084 philosophorum,
812 993 871 1092 qul
903 999 945 1060 de
971 993 1093 1060 mundi
1113 997 1215 1073 hujua
1237 991 1370 1057 factura

252 1094 394 1146 tractare
415 1081 482 1144 auli
503 1078 598 1155 funt,
620 1100 710 1144 error
730 1079 967 1154 convincitur,
1002 1077 1163 1167 quoniam
1183 1076 1370 1140 informem

251 1161 426 1229 materiem
446 1177 658 1228 coaeternam
680 1165 743 1229 deo
767 1164 830 1226 effe
855 1163 1026 1239 dixemnt,
1049 1164 1091 1226 de
1113 1181 1180 1249 qua
1202 1160 1284 1223 deut
1309 1179 1371 1223 ve·

251 1244 319 1312 luti
351 1261 442 1312 extra
461 1246 495 1311 fe
515 1247 721 1322 subsistente,
761 1260 795 1310 et
816 1261 993 1311 coaeterna
1013 1243 1092 1319 fibi,
1129 1244 1371 1328 tuorumope

252 1353 329 1396 rum
347 1330 484 1417 fumplit
503 1329 701 1416 auspicium.
743 1327 927 1417 indignum
946 1349 1094 1417 namque
1114 1326 1163 1391 eia
1179 1325 1289 1390 risum
1311 1325 1371 1402 eli,

252 1413 429 1480 materiem
459 1413 640 1478 infonuem
662 1413 766 1477 adeo
788 1411 861 1478 fieri
885 1427 1050 1488 creatama
1080 1413 1252 1497 quomodo
1276 1408 1375 1476 enim

252 1496 418 1586 inquiunt
445 1516 486 1561 ex
513 1496 622 1562 forma
652 1495 805 1575 omnium
828 1495 974 1562 informe
995 1495 1109 1570 fieret;
1137 1496 1178 1559 ab
1199 1491 1373 1558 immobili

255 1597 291 1647 et
318 1579 357 1644 in
386 1580 483 1644 nullo
504 1577 541 1643 in
563 1580 670 1666 feipfo
688 1577 863 1656 variabili,
895 1577 1027 1644 varium
1048 1599 1087 1643 ac
1107 1575 1290 1660 mutabile3
1326 1578 1372 1640 ab

254 1685 294 1730 eo
317 1662 373 1729 cui
391 1661 481 1726 nihil
501 1661 635 1738 accidit,
649 1661 760 1726 'variis
782 1659 1014 1728 accidentibus
1025 1661 1240 1740 subjectum
1262 1679 1370 1724 anon

255 1746 397 1814 dillento
424 1767 486 1832 per
511 1743 617 1832 spatia
646 1746 799 1818 locorum
829 1762 865 1810 et
892 1762 1099 1834 temporum,
1132 1745 1225 1832 quod
1245 1741 1375 1829 recipit

253 1833 408 1898 locorum
428 1844 619 1914 temporum
642 1850 686 1893 ue
708 1826 904 1905 intervalla,
932 1845 968 1894 et
988 1826 1226 1916 quantitatum.
1269 1824 1374 1892 simi-

254 1913 332 1978 liter
352 1915 393 1976 ab
416 1932 457 1975 eo
478 1913 572 1998 quod
586 1851 674 1976 miili
687 1911 841 1998 qualitati
857 1911 1047 1985 subditum,
1071 1909 1275 1976 diversarum
1287 1931 1375 1997 qua·

254 1995 390 2062 litatum
419 1994 669 2082 figurarumque
696 1995 926 2081 receptivum
954 1997 995 2060 ab
1023 1991 1276 2080 incorruptibili
1298 2011 1377 2057 cor·

254 2101 297 2144 ru
322 2076 438 2176 tibileq
458 2099 477 2141 a
498 2076 639 2176 fimplici
660 2078 899 2165 compolitum3
923 2094 957 2142 et
973 2093 1103 2144 caetera
1117 2076 1155 2142 id
1170 2097 1278 2164 genua
1291 2075 1377 2140 fuae

255 2161 274 2226 f
316 2159 645 2226 terruncinamnis
665 2161 801 2226 nebulis
823 2160 1014 2227 obcaecatia
1037 2181 1100 2225 noa
1121 2175 1235 2225 autern
1255 2159 1375 2224 sacrae

130 2313 135 2334 κ
254 2244 439 2331 scripturae
457 2243 632 2309 veritatem
653 2241 891 2332 inspicientes,
915 2243 1185 2331 divinorumque¹
1198 2241 1301 2329 ipfiue
1318 2241 1376 2307 in·

256 2343 444 2414 terpretum
463 2326 599 2414 vestigia
621 2328 815 2414 sequentes,
846 2343 880 2393 et
900 2325 1145 2392 informitatem
1164 2348 1279 2390 rerum
1301 2347 1377 2392 om·

256 2409 371 2487 nium,
407 2425 442 2474 et
466 2410 610 2486 format,
643 2427 678 2475 et
698 2433 800 2476 omne
821 2413 915 2497 quod
934 2409 972 2475 in
994 2409 1063 2490 eia,
1094 2410 1160 2474 lire
1180 2409 1375 2476 fecundum

258 2494 446 2568 effentiam,
481 2494 548 2560 five
577 2495 764 2560 fecundum
784 2494 940 2560 accidens
962 2494 1045 2569 est‚'
1062 2495 1102 2558 ab
1124 2515 1193 2559 una
1214 2491 1377 2559 omnium

257 2577 355 2642 causa
385 2575 523 2641 condita
552 2576 633 2652 effe,
670 2592 704 2641 et
723 2577 905 2665 perfidem
927 2576 1114 2652 credimur,
1148 2591 1184 2639 et
1203 2591 1377 2662 quantum

257 2663 356 2726 datur
402 2674 436 2724 et
455 2657 668 2740 intellectum
690 2661 946 2726 consideramus.

318 2744 352 2807 6.
372 2681 452 2808 iton
474 2742 567 2808 enim
587 2742 811 2809 univerfitatit
833 2743 991 2809 conditor
1011 2741 1105 2808 omni
1132 2756 1229 2806 otene
1241 2784 1252 2816 ,
1276 2755 1314 2806 et
1337 2739 1376 2806 in

257 2827 354 2892 nullo
383 2824 562 2913 deficiens,
597 2841 631 2891 et
651 2825 690 2890 in
710 2825 885 2893 infinitum
906 2813 1080 2902 tendena,'
1101 2766 1220 2891 inilia
1238 2823 1303 2890 fabi
1327 2827 1379 2891 fo·

257 2910 452 2985 lummodc,
485 2931 605 2975 verum
634 2908 735 2974 etiam
764 2909 931 2994 diffimilia
959 2931 1069 2975 creare
1089 2907 1206 2996 potuit
1225 2921 1261 2972 et
1283 2929 1379 2974 crea-

256 2993 319 3058 vit.
361 2993 448 3058 Nam
467 2993 492 3056 fr
511 2993 722 3058 solummodo
742 2992 794 3060 sui
811 2993 945 3067 linrilia,
967 2996 1035 3057 boc
1053 2993 1115 3070 est,
1137 3013 1215 3056 vere
1232 2989 1378 3058 existen·

257 3075 322 3151 tia,
362 3090 513 3164 aeterna,
543 3073 853 3153 incommutabilia,
888 3074 1070 3174 fimplicia,
1103 3073 1377 3161 inseparabiliter
1425 3081 1426 3090 ’

256 3157 373 3234 unita,
396 3156 684 3244 incorruptibilia,
706 3156 918 3235 immortalia,
942 3157 1193 3232 intellectualia,
1216 3155 1376 3234 scientia,

257 3238 438 3328 sapientia,
462 3255 674 3326 caeteraeque
695 3239 839 3306 virtutes
858 3239 1067 3316 condiderit,
1091 3240 1128 3306 in
1149 3237 1375 3319 diffimilium,

259 3339 296 3389 et
317 3324 545 3410 appolitorum
565 3323 737 3390 creatione
759 3323 913 3389 defeciffe
932 3325 1125 3399 rideretur,
1150 3338 1185 3387 et
1203 3344 1276 3388 non
1301 3347 1376 3390 om·

256 3405 343 3470 nino
364 3421 566 3471 cunctorum
587 3428 672 3552 quae
691 3405 779 3472 ratio
800 3406 937 3474 invenit
956 3401 1046 3496 polle
1067 3405 1157 3481 fieri,
1182 3405 1300 3494 opifex
1323 3413 1377 3488 ju·

139 3555 142 3564 .
259 3487 437 3556 dicaretur.
471 3486 602 3553 Diffimr
616 3489 648 3554 ia
669 3507 783 3572 autem
804 3489 874 3567 fui,
897 3506 932 3555 et
952 3490 1102 3577 oppolita
1124 3489 1186 3554 elle
1207 3489 1378 3556 dicuntur

258 3587 295 3638 et
319 3574 415 3650 lunt,
454 3571 571 3670 ompia
598 3593 684 3659 quae
708 3572 892 3671 praedictis
920 3571 1103 3637 virtutibus
1125 3594 1154 3669 ιο
1179 3590 1376 3659 ponuntur,

256 3675 329 3722 non
349 3671 391 3721 ut
409 3671 569 3756 negatrva
588 3655 647 3720 seu
663 3655 849 3753 privativa,
871 3658 927 3722 fed
946 3658 1121 3721 naturaed
1208 3654 1377 3724 ilitudine

136 3751 139 3760 '
187 3766 196 3784 ¹
259 3754 295 3804 et
316 3740 545 3827 oppositione.
589 3737 764 3825 Siquidem
792 3739 962 3826 perfectae
984 3737 1139 3804 essentiae
1158 3739 1315 3804 firniliter
1337 3741 1375 3806 in
1424 3770 1425 3787 κ

257 3843 381 3909 genera
411 3823 602 3910 formatque
630 3843 692 3909 per
713 3821 918 3888 differentiae
941 3838 976 3886 et
995 3821 1216 3909 proprietate·
1237 3823 1377 3890 unifor-

256 3905 424 4053 ἷηηῗὲτῳιο
450 3905 624 4052 ordinatpe
648 3928 711 4004 per
737 3907 885 4054 fsingulae
905 3905 923 3967 l
945 3903 1032 3971 ecies
1054 3905 1150 4004 omni
1170 3905 1376 4006 commone

254 4083 310 4136 tat
331 4003 736 4160 oqqtppitqppqepprqhap
745 3992 1378 4159 affardiaifflietibilieiuffioiussi:

255 4153 389 4231 tabilia;
410 4151 636 4243 fimplicibua,
656 4155 858 4244 compositu
881 4169 917 4224 et
937 4169 1073 4224 aeterua
1093 4175 1180 4246 quae
1198 4154 1313 4223 veluti
1326 4179 1370 4224 ex
