2930 4982
222 3687 229 3694 -
307 3668 423 3732 autem

309 239 387 320 638
528 251 533 264 ¹
628 239 682 306 lle
702 225 883 306 vuidone
904 226 1076 312 Nutritur.
1178 280 1184 294 .

314 427 445 511 semper
464 415 640 489 inuisibilia
660 420 704 486 eit
724 435 759 484 et
779 417 861 493 erit,
883 419 946 505 ‘qui'
955 413 1052 520 stilus
1069 413 1177 484 tabe,
1189 417 1389 484 iniantasitu·

310 523 394 582 tem,
427 520 461 570 et
489 508 591 570 lucem
627 504 762 570 dabitat
783 497 1035 595 inacceffibilem.
1077 499 1164 565 Dico
1189 518 1292 566 autem
1310 503 1387 588 quod

311 592 430 660 falsum
452 605 487 652 et
504 591 624 654 salsitaa
654 609 724 654 non
746 601 911 673 perpetuo
931 605 1010 649 vero
1034 599 1068 647 et
1088 584 1221 648 veritati
1240 603 1388 670 opponen-

313 691 386 748 tur,
427 694 472 736 ne
500 687 676 738 coaeterna
705 672 785 746 lint,
820 671 933 733 nullus
963 666 1092 754 sapient
1122 666 1270 732 dubitare
1292 670 1388 730 debet

312 755 399 842 Quia
433 753 524 821 enim
551 757 684 820 suturae
713 753 803 818 uitae
833 752 951 816 ilatum
980 749 1080 815 rectia
1100 749 1389 816 ratiocinationibus

311 838 504 926 inquirens,
528 838 649 904 dixerit
669 838 840 903 salsitatem
865 835 927 900 elle
946 834 1094 900 suturam
1136 837 1268 918 quando
1288 833 1393 895 veritae

310 923 349 988 iii
373 920 531 997 omnibut
553 919 741 1008 apparebit,
765 935 799 983 et
820 939 922 984 omne
942 916 1059 982 falsum
1079 879 1149 982 riori
1173 919 1274 982 solum
1295 919 1392 980 dena·

312 1022 387 1071 tura
415 1028 544 1080 reruni,
580 1027 698 1071 verum
726 1003 832 1066 ¹etium
862 1004 903 1066 de
932 999 1059 1080 iudicio
1084 998 1188 1066 totius
1209 995 1395 1064 rationabilii

265 1110 270 1119 ·
312 1103 347 1153 et
376 1087 613 1168 intellectualia
645 1103 815 1152 creaturae
847 1084 1033 1150 auferetur:
1065 1081 1127 1149 ubi
1156 1103 1257 1148 nenio
1275 1079 1396 1146 sallitat
1436 1147 1437 1152 γ

312 1157 442 1237 fallitur
463 1190 582 1247 nemo,
612 1174 692 1239 dum
714 1186 832 1234 natura
853 1189 962 1233 rerum
989 1165 997 1182 ⁰
1034 1165 1118 1230 ‘hiae
1140 1167 1251 1232 causat
1270 1177 1397 1232 reverte·

312 1270 384 1336 tim
420 1253 458 1318 in
486 1253 608 1340 quibua
638 1251 725 1318 nihil
755 1252 848 1317 aliud
867 1189 1129 1335 considfflbitur
1148 1265 1280 1337 praeter
1296 1267 1397 1312 verani

312 1353 348 1402 et
366 1337 562 1413 veritatem,
584 1336 809 1435 inquantum
830 1333 1017 1420 unicuique
1039 1334 1221 1398 electorum
1243 1336 1330 1412 juxta
1350 1331 1396 1392 do·

312 1418 462 1485 nationis
494 1421 572 1485 suae
599 1419 815 1484 altitudinem
843 1415 1065 1502 contemplari
1099 1437 1171 1482 eam
1220 1411 1399 1478 emittetur.

309 1503 476 1606 'Quamvis
497 1503 587 1568 enim
609 1524 680 1568 nori
701 1506 821 1566 'eodem
844 1505 966 1576 modo,-
990 1500 1046 1563 sed
1067 1441 1290 1586 multipiiciuo
1308 1495 1341 1558 in
1360 1493 1400 1586 in·
1436 1555 1437 1566 ,

311 1585 448 1650 finitum
483 1585 673 1651 divinarum
693 1584 859 1651 visionum
883 1582 1125 1650 ascensionibus
1148 1599 1182 1648 et
1205 1577 1404 1648 descensioni·

315 1670 378 1740 bue
399 1668 490 1749 justia
514 1685 547 1734 et
567 1668 682 1767 impiis
704 1667 899 1766 apparebit3
921 1659 1081 1740 omnibue'
1101 1681 1214 1735 tamen
1237 1657 1402 1749 apparebis.
1436 1707 1437 1784 p

311 1755 447 1838 quando
475 1752 512 1816 in
542 1755 699 1835 omnibus
721 1751 869 1830 injustia,
890 1751 966 1836 ‘sola
986 1747 1146 1828 injustitia
1165 1747 1290 1834 punita
1311 1759 1343 1808 et
1359 1741 1401 1804 iu·

272 1877 273 1887 t
312 1845 470 1910 retemta,
501 1835 570 1920 ipsa
599 1851 739 1921 purgata
771 1849 805 1896 ct
833 1834 1038 1900 intemerata
1063 1830 1270 1918 relinquitur
1288 1843 1401 1896 nature·

271 1949 275 1958 ·
312 1916 350 1981 iii
383 1917 472 2002 ipsos
501 1921 622 2003 gradut
643 1921 684 1982 de
705 1916 826 2002 quibua
849 1919 1022 2003 peccando
1044 1930 1216 1980 corruerat
1235 1910 1402 1978 reversura:

313 2002 356 2064 de
383 2021 450 2086 quo
482 2001 610 2074 reditu.
643 2003 741 2087 quod
765 1999 861 2064 restat
891 1998 1096 2067 discutiendi
1125 2014 1261 2084 tempus
1283 1995 1333 2058 eil.
1369 1993 1404 2052 D·

233 2087 236 2104 ¹
311 2084 463 2168 Tempus
486 2084 606 2168 plane;
628 2082 721 2168 priua
745 2101 856 2149 tamen
878 2105 1017 2149 noaceie
1036 2081 1157 2159 uelim,
1181 2077 1342 2168 quoniam
1360 2091 1404 2136 me

310 2167 410 2228 valde
431 2169 619 2249 perturbat.
663 2167 1023 2232 uomodouniversitas
1039 2182 1238 2231 naturarum
1259 2157 1406 2228 omnium,

310 2246 335 2311 si
356 2246 392 2344 ip
414 2250 526 2314 Deum
545 2189 713 2313 reverdura
738 2248 799 2324 est,
822 2251 890 2316 ulla
913 2241 1075 2347 supplicia
1096 2248 1186 2313 intra
1204 2249 1238 2312 se
1253 2237 1406 2311 contineri

310 2345 469 2476 pptietur.
511 2335 589 2398 Non
613 2333 704 2397 enim
726 2328 928 2418 supplicium
950 2356 986 2396 in
1009 2335 1083 2396 Deo
1105 2333 1167 2396 elle
1186 2327 1347 2396 credibile
1363 2319 1407 2386 eb

352 2459 360 2476 .
383 2413 449 2477 Dic
470 2416 611 2500 quaeso.
633 2439 717 2480 num
742 2436 843 2481 omne
864 2419 956 2503 quod
976 2414 1103 2479 inferni
1124 2430 1159 2478 et
1178 2411 1408 2500 suppliciorum

263 2575 265 2583 Α
310 2495 454 2560 nomine
473 2496 662 2575 vocitatur,
685 2495 728 2562 est
749 2499 791 2562 a'n
816 2519 887 2578 non
911 2499 963 2564 est.
981 2530 990 2536 ·
1007 2502 1050 2562 D.
1075 2499 1240 2569 Coarctor
1262 2492 1408 2576 undique.

245 2583 247 2592 ’
313 2577 358 2676 Si
379 2579 470 2644 enim
493 2579 627 2655 dixero,
666 2582 730 2658 eil;
762 2582 934 2646 confestim
958 2599 1031 2646 tum
1051 2581 1205 2646 dicturus
1228 2579 1312 2651 eria,
1342 2570 1410 2660 quid

306 2683 441 2742 mirina
465 2661 528 2728 tibi
550 2663 704 2738 videtur,
739 2664 762 2728 si
785 2668 877 2750 quod
899 2665 943 2730 est
964 2665 999 2730 in
1024 2685 1101 2730 eum
1123 2685 1142 2728 a
1163 2683 1234 2749 quo
1258 2662 1334 2724 sunt
1354 2677 1408 2720 oni·
1436 2669 1437 2682 ²

311 2743 369 2840 nia
402 2745 492 2809 inter
521 2763 632 2812 cetere
660 2767 745 2833 quae
777 2748 869 2823 sunt,
904 2749 1111 2824 reversurum
1134 2747 1183 2812 fit.
1229 2744 1293 2810 Sin
1315 2756 1411 2806 auten

311 2828 449 2902 dixero,
471 2849 541 2893 non
565 2829 628 2904 ell3
660 2831 713 2892 res
736 2829 894 2907 ondebie‚
917 2851 980 2895 cur
999 2846 1173 2916 computat
1195 2827 1290 2906 inter
1312 2821 1410 2890 omitit

308 2929 397 3056 puae
418 2909 455 2978 in
477 2914 588 2976 Deum
609 2853 777 2977 reveriiira
800 2914 876 2977 sunt
897 2912 934 2984 id
955 2913 1047 3000 quod
1068 2935 1137 2977 non
1152 2912 1207 2977 cst.
1237 2913 1285 2974 Et
1303 2909 1412 2973 iteruin

305 3015 309 3020 ·
362 2993 489 3088 dedero
522 3016 622 3059 omne
650 2997 742 3080 quod
764 2995 890 3059 inibrni
911 2995 1094 3074 nominali
1120 2995 1302 3074 nificatui,
1336 3003 1413 3053 extre

310 3075 559 3142 uniuersitatem
591 3079 671 3152 else;
704 3080 827 3164 absque
854 3099 947 3160 mora
968 3018 1151 3147 concludar
1173 3075 1272 3144 omni
1294 3071 1411 3138 ratione

311 3156 481 3252 desertus,
512 3158 708 3245 invitusque
740 3181 839 3245 cogar
861 3161 977 3236 fateri,
1006 3184 1077 3227 non
1100 3163 1162 3225 esse
1183 3161 1314 3226 mirum
1337 3153 1414 3242 quod

310 3253 402 3302 intra
422 3261 470 3316 ,ea
500 3263 585 3326 quae
605 3242 741 3318 suntin
763 3245 836 3306 Deo
858 3265 928 3309 non
952 3244 1012 3320 eu,
1046 3244 1134 3308 intra
1153 3243 1270 3330 ipsum
1292 3255 1413 3328 quoque

308 3321 514 3422 nortmundo
537 3323 616 3400 effe
653 3340 688 3388 ct
709 3325 876 3390 deridebit
896 3349 951 3400 ine
971 3327 1079 3402 ratio,
1101 3347 1197 3414 quae
1221 3327 1414 3414 incunctan-

311 3417 363 3469 ter
383 3409 571 3492 pracdicat,
610 3424 700 3472 extra
721 3412 833 3472 Deum
855 3424 889 3473 et
908 3410 1156 3480 universitatem
1178 3409 1219 3472 ab
1244 3429 1289 3474 eo
1311 3405 1412 3472 condi·

237 3513 238 3516 ¹
305 3500 380 3558 ¹turn
413 3489 498 3561 nihil
531 3487 671 3576 cogitari
693 3492 748 3555 vel
769 3491 916 3578 intelligi
937 3495 1037 3580 polle.
1080 3496 1192 3558 Omne
1213 3491 1316 3556 enini
1338 3485 1414 3578 quod

248 3577 255 3588 “
310 3569 356 3635 est
385 3585 419 3634 et
446 3576 540 3719 guod
572 3594 644 3636 uon
675 3573 740 3649 est,
778 3590 927 3641 creatore
959 3577 1104 3642 ambitur
1125 3592 1160 3640 et
1181 3590 1351 3640 creatura·
1386 3569 1412 3630 5¹

469 3654 581 3731 ixero,
602 3653 713 3752 intra3
741 3673 878 3724 coactae
901 3660 1031 3745 fatebor
1050 3681 1120 3726 non
1144 3659 1257 3724 solum
1283 3678 1324 3722 ea
1344 3669 1414 3752 quit

310 3733 408 3833 funt,
430 3759 546 3806 verum
569 3753 670 3804 etiam
692 3760 777 3825 quae
796 3743 867 3806 non
889 3742 968 3806 sunt
987 3741 1076 3810 intra
1097 3740 1267 3814 termino·
1292 3739 1413 3805 divinit

309 3817 473 3918 bonitatie
503 3836 538 3885 et
563 3820 705 3896 iustitiae
735 3839 769 3888 et
788 3823 1023 3910 providentiae
1044 3842 1079 3890 et
1097 3823 1217 3905 judicii
1241 3815 1411 3890 contineri·

346 3921 389 3964 ori
418 3923 510 3968 euim
537 3903 747 3971 solummodo
776 3929 814 3972 ca
848 3931 934 3994 quae
960 3910 1057 3982 sunt,
1096 3931 1213 3975 verum
1248 3906 1357 3972 etiam
1385 3921 1413 3964 α

311 4001 397 4079 puae
426 4005 496 4049 non
530 3986 625 4062 sunt,
654 3989 728 4052 five·
741 4011 801 4075 per
820 3989 1150 4090 superexcellentiam
1170 3992 1265 4054 ultra
1288 4005 1411 4054 omnen
1436 4029 1437 4036 κ

312 4063 542 4165 intellectum,
571 4071 638 4134 sive
665 4093 724 4156 per
745 4071 971 4169 privationem
990 4096 1108 4142 eorum
1128 4095 1213 4162 quae
1238 4071 1343 4148 sitiit,
1373 4065 1437 4132 iis

312 4145 362 4212 sta
387 4168 501 4216 omnia
528 4173 614 4238 quae
644 4152 882 4241 intelliguntur
909 4159 990 4238 else.
1023 4155 1139 4226 divina
1160 4155 1295 4223 virtute
1317 4149 1409 4222 credi·
