2854 4978
454 251 563 368 laic
586 283 741 413 mm·
1071 287 1152 369 246

56 491 199 540 naturam
217 471 355 552 creasle,
379 493 419 542 ex
437 467 536 556 casua
555 471 817 562 participatione
835 471 915 538 sunt
934 471 1060 542 omnia.
1097 475 1149 552 M.
1245 499 1250 520 ·

55 560 191 624 Putasne
211 556 303 621 illam
323 571 477 622 naturam
500 559 541 622 de
562 556 671 623 nihilo
695 559 758 623 else
777 555 924 624 factam?
945 561 989 624 D.
1003 559 1084 624 Non
1098 557 1150 626 so·

55 642 116 706 lum
135 656 234 738 puto,
255 663 374 706 verum
396 639 497 706 etiam
519 639 660 707 firmiter
682 658 804 720 tenco,
835 661 907 706 non
929 639 1066 708 aliunde
1086 642 1151 710 nisi
1205 671 1206 678 ¹

56 727 89 788 de
109 725 213 789 nrhilo
234 727 445 811 productam.
484 725 532 788 M.
555 723 670 790 Defini
691 725 785 792 illam
805 740 978 802 naturam,
1001 724 1084 824 quid
1096 726 1147 792 fit.

54 813 89 872 D.
116 811 190 872 Non
219 809 361 894 possum.
404 811 468 873 lies
497 807 587 874 enim
609 813 721 875 adhuc
741 807 894 887 infinita,
929 830 1151 897 omniumque

55 891 250 967 communia,
287 913 351 956 nec
372 891 470 956 certia
491 892 606 958 sonnio
626 896 738 958 adhuc
759 891 931 972 distincta,
951 893 1006 958 rel
1028 891 1151 982 specie·

51 977 123 1051 buc,
146 977 316 1062 quomodo
339 974 472 1039 definiri
493 975 591 1063 puffit
610 998 682 1042 non
704 975 817 1041 video.

104 1077 152 1122 ar.
173 1061 223 1122 Nl.
249 1057 342 1204 (prid
363 1059 386 1123 fi
408 1057 482 1146 quia
505 1060 652 1124 summae
672 1061 780 1126 sacrae
803 1079 847 1123 ue
861 1055 1071 1124 auctoritatis
1086 1054 1151 1124 tibi

50 1141 207 1218 suaderet,
242 1140 266 1205 il
282 1163 334 1206 am
364 1159 516 1208 naturam
546 1165 616 1208 non
642 1140 735 1208 aliu'd
756 1083 819 1208 elie
838 1159 970 1230 praeter
990 1139 1055 1206 Dei
1078 1163 1152 1206 rer·

48 1227 137 1289 bum:
161 1223 432 1292 dixiffecneream
455 1228 496 1290 de
517 1227 626 1292 nihilo
648 1229 710 1292 elle
732 1227 884 1292 factam?
909 1228 951 1291 de
965 1223 1023 1290 illo
1039 1222 1152 1292 nihilo

50 1309 133 1383 dico,
166 1311 260 1406 quod
313 1307 515 1374 rivationcm
546 1309 649 1375 totius
673 1309 847 1387 essentiae,
884 1308 1148 1385 etsubliantiae,

51 1407 79 1454 et
102 1391 269 1479 qualitatis
289 1333 463 1479 significat.
507 1395 550 1458 D.
573 1395 812 1480 Nequaquam3
849 1391 924 1480 quia
947 1385 1150 1458 enim'dixe·
1191 1417 1194 1426 ·

49 1474 87 1538 rit
111 1479 252 1540 verbum
284 1475 350 1539 Dei
372 1479 412 1540 de
442 1472 552 1540 nihilo
584 1477 646 1540 effe
678 1479 823 1551 factum,
860 1479 941 1540 dum
967 1476 1007 1539 fit
1036 1473 1151 1540 omnia

50 1559 85 1622 de
102 1559 213 1624 nihilo
232 1558 385 1623 sacient?
410 1561 452 1624 At
475 1560 549 1656 quia
571 1557 647 1634 ille,
672 1559 731 1647 qui
755 1561 896 1626 verbum
913 1558 978 1624 Dei
995 1573 1151 1624 naturam

50 1641 193 1706 omnium
215 1641 277 1706 csse
299 1663 370 1706 non
393 1641 509 1706 timiut
530 1641 666 1708 dicere?
700 1645 749 1706 Μ.
782 1643 871 1709 Audi
893 1643 1045 1709 sanctum
1063 1641 1151 1707 Basr-

48 1724 120 1790 lium
146 1725 187 1790 in
216 1740 335 1790 octava
368 1725 517 1791 Humilia
537 1725 586 1791 in
608 1726 769 1791 Genefinr
803 1749 940 1819 „neque
961 1725 1069 1802 enim,
1098 1724 1152 1790 in·

49 1809 133 1906 quit,
168 1811 303 1896 quando
332 1808 463 1873 audivit
499 1825 599 1874 terra:
622 1809 791 1898 germinet
808 1813 946 1875 herbam
967 1807 1094 1886 foeni,
1116 1823 1151 1874 et

48 1893 168 1978 lignum
195 1891 441 1969 fructiferam(
462 1895 634 1958 occultum
663 1896 790 1958 habene
811 1894 953 1958 foenum
976 1891 1149 1980 produxit,

49 1997 145 2062 neque
168 1975 342 2052 Palmam,
367 1992 424 2040 aut
449 1977 639 2060 Quercum,
674 1993 733 2040 aut
754 1977 948 2076 cypressum
970 1992 1049 2040 ante
1070 1996 1150 2040 con·

49 2057 188 2144 spectum
208 2057 396 2124 visceribus
416 2058 482 2122 suia
505 2063 637 2125 occulta
658 2059 778 2125 eduxit
797 2085 834 2128 an
848 2059 1069 2148 superficiem,
1091 2057 1151 2123 sed

47 2141 203 2208 Divinum
223 2146 366 2208 verbum
387 2158 507 2207 natura
529 2143 574 2208 est
590 2165 815 2232 eorumquae
830 2145 918 2210 sacta
932 2144 1050 2210 sunt”a
1098 2163 1150 2206 ro·

49 2226 156 2302 ducat,
178 2245 262 2302 non,
282 2227 375 2312 quod
394 2228 514 2304 habet,
542 2229 732 2314 depromat,
753 2229 811 2294 sed
831 2229 924 2316 quod
943 2249 1013 2292 non
1035 2165 1150 2300 hairet,

48 2325 147 2386 creat,
172 2313 246 2375 Deo
269 2313 418 2375 donante
442 2310 659 2395 Operationia
680 2311 851 2381 virtutem.
890 2312 1033 2376 Intende
1071 2328 1151 2378 uam

48 2389 238 2458 fiducialiter
276 2391 520 2479 pronunciavit
547 2411 712 2461 naturam:
733 2395 905 2470 omnium,
946 2401 1031 2481 quae
1077 2406 1151 2459 acta

47 2473 134 2550 sunt,
163 2479 304 2542 verbum
333 2475 399 2540 Dei
429 2476 508 2553 elle,
539 2494 580 2542 ut
606 2481 701 2542 nulla
730 2478 794 2543 tibi
821 2478 876 2542 sul
898 2475 965 2540 icio
994 2475 1151 2560 subrepat
1228 2533 1232 2542 .

48 2556 264 2635 existimandi,
289 2563 381 2659 quod
403 2559 495 2625 aliud
515 2559 555 2624 fit
575 2561 641 2626 Dei
661 2563 819 2637 verbum,
851 2502 944 2625 aliud
966 2561 1150 2644 ejua'prae·

47 2661 77 2704 ce
100 2658 188 2720 tum;
224 2641 261 2708 id
289 2645 400 2731 ipsum
429 2665 575 2731 namque
596 2643 633 2710 in
656 2666 695 2710 eo
719 2645 777 2720 est,
811 2657 846 2709 et
866 2643 944 2718 elle,
976 2656 1012 2706 et
1034 2639 1151 2708 omnia

8 2755 14 2766 ¹
49 2667 101 2790 eisd
129 2729 264 2807 juberet
295 2729 427 2792 essendo
458 2729 551 2793 enim
570 2726 681 2825 ipsum
702 2729 792 2794 fiunt
813 2725 943 2801 omnia,
974 2746 1079 2810 quum
1099 2722 1151 2810 ip·

48 2807 111 2873 sum
138 2809 252 2875 omnia
284 2813 338 2878 esi.
385 2813 431 2875 Et
450 2826 492 2875 ut
513 2826 637 2876 cernua
661 2831 844 2898 cognoscat
866 2805 933 2874 Dei
952 2810 1094 2904 terbum
1115 2821 1151 2870 et

48 2909 190 2960 naturam
212 2895 366 2960 omnium
388 2894 472 2970 elle,
495 2910 530 2958 ct
550 2893 862 2959 consubstantialem
909 2906 971 2954 atri
986 2906 1063 2954 ante
1080 2909 1151 2954 om·

47 2973 96 3039 nia
115 2975 150 3040 in
172 2976 352 3055 omnibus,
376 2976 520 3066 quaein
542 2997 582 3043 eo
605 2979 802 3054 factasunt,
825 2997 869 3040 au
898 2973 1150 3038 'Ecclefiastcnt

41 3051 238 3143 sapientiam
249 3106 260 3136 ,
280 3059 412 3148 inquit,
434 3063 510 3125 Dei
529 3063 779 3145 praecedentem
799 3062 910 3126 omnia
922 3061 1003 3142 'qun
1015 3053 1151 3148 investi·

46 3146 156 3223 gean?
186 3148 275 3211 Ecce
307 3144 582 3210 coaeternitatem
609 3144 719 3220 Patri,
754 3159 789 3208 et
815 3139 1082 3216 coessentialem
1116 3152 1151 3204 et

47 3228 200 3294 continuo
230 3227 398 3314 sequitur,
433 3231 543 3294 Primo
570 3233 711 3294 omnium
740 3241 854 3290 crecta
885 3223 934 3314 cst
958 3225 1148 3314 sapientia,

49 3330 116 3375 ecce
144 3311 181 3376 in
216 3309 376 3376 creaturis
396 3310 531 3377 factam.
572 3311 661 3378 ludi
683 3309 927 3398 Evangelium,
960 3309 1059 3404 Quod
1068 3301 1152 3398 foc·

49 3405 107 3456 tam
127 3395 174 3482 eli
195 3399 231 3460 in
251 3389 344 3488 ipso,
364 3397 441 3458 vita
462 3409 545 3460 erat.
588 3399 675 3461 Nam
695 3397 789 3484 quod
809 3392 890 3458 alibi
912 3390 950 3456 in
969 3393 1150 3456 Salomone

50 3476 177 3563 legitur,
200 3481 301 3544 Deus
322 3481 451 3544 creavit
470 3502 520 3542 mr
541 3484 576 3544 in
597 3483 694 3546 initio
713 3483 843 3544 viarum
853 3473 1009 3566 suarum,
1032 3473 1150 3570 allide

51 3557 272 3627 incarnatione
293 3561 411 3638 Verbi,
448 3561 505 3626 alii
527 3566 569 3628 de
591 3562 768 3628 nativitate
789 3565 861 3642 ejua
884 3581 924 3624 ex
943 3561 1042 3622 Patre
1063 3575 1150 3621 acca·
1186 3596 1188 3604 ·

50 3643 160 3726 piant,
183 3668 329 3734 quorum
350 3643 463 3710 sensus
485 3644 678 3712 credibilior
698 3641 785 3710 mihi
804 3641 951 3708 videtur.

101 3747 149 3792 aa.
171 3734 224 3794 De
246 3727 300 3794 hia
321 3743 434 3794 autem
456 3727 515 3826 qui
537 3731 641 3794 deco
664 3727 791 3802 nihilo,
814 3727 909 3814 quod
926 3716 1032 3787 totino
1048 3718 1150 3785 effen·

51 3801 108 3873 tiae
155 3810 362 3878 cinationem
391 3811 556 3901 lignrficat
582 3813 639 3878 acl
659 3809 862 3885 absentiam,
892 3807 1060 3872 mundum
1083 3803 1150 3898 iac·
1200 3837 1210 3850 ν

51 3835 234 3962 taminiae
262 3897 485 3972 arbitrantur,
518 3895 601 3986 quid
629 3893 739 3960 dicam
766 3891 900 3981 ignoro.
943 3891 1023 3954 Non
1056 3906 1150 3981 enim

52 3971 160 4056 video,
182 4002 286 4078 quare
302 4003 374 4058 non
389 3979 600 4046 considerant
615 3979 844 4067 oppositorum
858 3990 1032 4068 naturam:
1052 3968 1150 4116 sipun-

54 4055 120 4124 <lem
145 4063 292 4150 privatio
320 4085 392 4128 non
418 4065 627 4151 potestesse,
655 4061 715 4126 ubi
735 4082 807 4126 non
829 4059 1047 4130 estthabrtuu
1106 4069 1149 4150 ra:

53 4141 133 4208 vatio
163 4167 310 4234 namque
336 4144 547 4216 habitudinis
565 4145 610 4212 cst
629 4143 799 4233 privatio:
831 4162 951 4242 acoper
970 4141 1055 4230 hoc,
1087 4135 1150 4198 uba

55 4243 116 4292 non
135 4229 307 4316 praecedit
328 4228 481 4312 habitur,
502 4251 575 4298 non
595 4227 746 4320 sequitur
763 4225 926 4298 Privatto.
966 4218 1151 4310 Quomodo
