2922 4978
451 319 454 326 t

77 438 150 492 toto
181 438 217 490 at
240 422 314 490 lnte
354 445 374 492 o
404 424 544 492 bomine
575 442 667 492 recte
697 423 924 513 intelligitur,
958 428 1189 514 quaerendum
1323 447 1329 454 ·

73 507 229 596 profecto
253 445 352 596 quali

72 590 188 657 minis.
230 595 276 657 Et
304 590 441 680 quidem
467 613 547 660 vera
570 593 660 662 ratio
687 595 811 664 clamat
833 597 900 658 boc
922 615 1044 680 corpus
1066 593 1189 680 merito

72 673 208 763 peccati
232 676 563 762 supermachinattun
590 699 662 744 non
693 677 808 752 fuiffe,
843 676 928 742 illud
958 675 994 740 in
1020 676 1128 763 prima
1149 699 1190 746 sc

71 757 220 824 naturali
250 758 522 827 conformatione
549 759 699 828 hominis
735 759 924 830 conditum.
966 764 1010 825 D.
1048 762 1127 826 Non
1148 783 1190 828 ea

71 845 242 930 superfluo
264 847 349 910 baec
370 844 514 934 quaestio
535 844 728 931 interpofita
750 845 811 920 est,
835 861 869 908 et
892 865 962 910 non
979 842 1213 924 infructuosa.

70 931 264 1013 quaerenda
287 943 387 1014 atque
407 929 584 993 solvenda:
608 944 642 992 et
662 927 742 1015 quia
763 945 800 994 tu
817 927 1033 1014 proposuisti,
1056 927 1188 994 solven-

72 1015 138 1076 dae
160 1009 252 1075 illius
272 1013 406 1078 debitor
426 1013 534 1076 iactus
556 1034 601 1076 ea.
633 1013 711 1076 Non
736 1011 846 1088 enim,
870 1027 909 1074 ut
929 1009 1090 1090 arbitror,
1138 1032 1190 1077 ro·

69 1115 238 1181 poneres,
264 1097 357 1181 quod
380 1094 522 1162 omnino
547 1095 674 1159 solvere
694 1116 765 1158 non
788 1116 993 1181 procurares.
1031 1096 1079 1160 M.
1102 1035 1190 1160 illud

72 1199 199 1264 corpus
223 1182 315 1264 quod
336 1179 372 1242 in
396 1179 636 1244 constitutione
651 1177 976 1272 bominisprimjtus
992 1178 1188 1255 estfactum.

70 1261 249 1347 spirituale
271 1283 309 1326 ac
329 1261 518 1327 immortale
540 1261 739 1328 crediderim
760 1264 841 1338 elle,
864 1283 904 1328 ac
918 1263 985 1326 tale
998 1260 1188 1360 autiplum‚

71 1346 175 1430 quala
195 1344 267 1430 post
287 1345 564 1412 resurrectionem
587 1345 736 1410 babituri
759 1347 884 1413 lamus.
926 1346 1004 1412 Non
1030 1367 1121 1410 entur
1143 1345 1190 1410 la·

71 1427 140 1492 cile
171 1423 388 1492 coucell'siim
418 1429 638 1515 corruptibile
665 1451 789 1516 corpus
815 1429 912 1494 fanu
940 1445 975 1494 et
1004 1427 1189 1506 materiale,

71 1510 272 1597 priusquam
301 1512 398 1576 caula
427 1511 655 1598 corruptionis
687 1529 722 1578 et
751 1511 1015 1587 materialitatis,
1046 1515 1114 1578 hoc
1134 1513 1189 1590 ell.

69 1611 251 1680 peccatum
282 1595 396 1659 fieret:
429 1612 463 1660 et
499 1597 644 1672 niaxima
673 1619 751 1661 cum
771 1595 945 1664 manifesta
964 1595 1049 1662 ratio
1070 1600 1191 1684 perdo·

69 1694 170 1750 caat.
199 1679 223 1742 li
255 1677 292 1744 id
324 1677 434 1766 ipsum
463 1700 587 1766 corpus
607 1682 701 1766 quod
721 1679 757 1744 in
780 1681 887 1765 prima
910 1678 1110 1762 conditione
1132 1685 1191 1746 bo·

68 1761 176 1827 minis
202 1763 332 1826 factum
359 1763 403 1827 est
435 1779 513 1828 aute
545 1762 727 1836 delictum,
760 1785 839 1828 mox
869 1764 1068 1828 conversum
1089 1765 1134 1828 est
1156 1779 1190 1830 et

70 1847 202 1910 facturn
216 1904 220 1915 ,
233 1845 455 1934 corruptibile
474 1847 546 1933 poll
568 1845 749 1924 delictum„
785 1866 856 1911 uon
877 1861 950 1910 crat
970 1844 1057 1912 illud
1077 1847 1189 1934 luper-

67 1929 321 2005 machinatum,
361 1929 418 1994 sed
454 1932 495 1994 de
517 1929 681 2016 spirituali
705 1945 740 1994 et
759 1927 1011 2015 incorruptibili
1031 1928 1069 1994 in
1091 1944 1191 1996 terre·

69 2031 157 2077 num
182 2029 217 2076 et
236 2013 457 2100 corruptibile
479 2029 758 2079 transmutatumz
795 2035 833 2078 ac
854 2035 915 2100 per
934 2013 1001 2078 hoc
1023 2013 1191 2101 praedicti

69 2096 247 2244 utu
273 2096 617 2246 &struatur
636 2094 1192 2246 tututttutttd‘t

68 2205 186 2330 iritum
217 2203 317 2350 qtiotil
339 2255 376 2328 in
409 2203 520 2410 2prinis
542 2203 741 2330 ciineditilone
764 2203 1062 2333 bominisnfactum
1083 2203 1192 2330 estTd

67 2347 257 2436 imaginem
289 2347 378 2422 Dei,
427 2347 796 2414 ecundmmrauonem
829 2346 962 2410 animae
983 2363 1018 2412 et
1039 2347 1191 2447 corporis

372 529 496 596 corpus
518 509 603 576 illud
624 525 695 574 erut
714 509 753 576 in
780 511 888 597 prims
909 507 1109 576 conditione
1129 515 1191 576 bo·
1283 517 1287 524 “

68 2430 380 2516 incorruptibiliter
400 2451 562 2495 manera:
599 2433 645 2494 Ut
667 2430 758 2498 euim
780 2433 999 2494 omittamus
1024 2431 1191 2516 eriprcuas
1302 2411 1321 2468 Γ

67 2515 166 2580 illius
194 2514 524 2601 argumentationes,
553 2514 680 2600 'quibus
709 2513 982 2578 indubitantera
1019 2532 1192 2590 rmatssnec

70 2599 204 2664 animas
227 2615 305 2664 ante
327 2619 468 2683 corpora
491 2597 585 2668 [uilla
607 2612 756 2672 creatas,
779 2618 844 2660 nec
865 2617 1006 2694 corpora
1027 2613 1106 2662 aute
1120 2597 1193 2662 ani-

70 2705 163 2758 mas,
188 2683 244 2747 sed
265 2683 359 2746 [imul
383 2697 418 2744 et
439 2683 537 2746 semel
561 2697 671 2746 totum
692 2683 820 2745 factum
842 2679 880 2744 in
904 2680 1022 2745 divino
1039 2681 1190 2758 confilio,

92 2788 143 2830 uo
170 2765 299 2831 dictum
319 2760 550 2854 elbfuct'amus
564 2769 747 2830 hominem:
769 2785 807 2828 ac
822 2763 917 2827 limul
932 2762 968 2827 in
987 2766 1081 2829 hunc
1092 2786 1191 2830 ruuu·

68 2789 158 2916 gum
184 2850 330 2914 secunda
352 2852 496 2938 quadam
516 2849 648 2913 ratione
670 2869 755 2935 quae
776 2845 989 2933 superaddita
1011 2846 1055 2910 est
1080 2847 1117 2912 iu
1139 2867 1193 2912 or·

69 2935 158 2999 dina
181 2949 372 3020 temporum
392 2933 505 2999 nascit
527 2935 699 3022 quomodo
722 2931 824 2995 etiam
845 2950 910 2994 nec
930 2930 1192 3016 polipaccatutu

93 3017 247 3080 errerlae
275 3017 461 3082 voluntatis
495 3020 661 3080 humanae
691 3031 851 3088 naturae,
885 3028 1075 3100 et·corpus
1104 3013 1191 3078 illud

65 3043 248 3188 lpirituale
270 3117 304 3164 et
324 3103 476 3166 naturale
498 3098 611 3164 animo
634 3101 764 3186 [emper
785 3102 968 3162 adhaerens
982 3119 1021 3162 ac
1035 3097 1095 3162 libi
1109 3118 1190 3162 cou-

68 3195 228 3256 cretu'm‚
275 3183 479 3248 discernitur
508 3186 548 3247 ab
579 3205 618 3248 eo
649 3185 742 3269 quod
770 3181 892 3246 merito
925 3179 1191 3268 transgreffionis

69 3273 245 3346 adjectum
276 3269 337 3332 est:
373 3267 530 3332 vicesimo
561 3265 702 3352 sept-imo
733 3265 882 3353 capitulo
906 3263 1002 3350 saepe
1024 3264 1107 3330 dicti
1129 3265 1193 3328 ser·

67 3351 188 3416 monis
209 3350 468 3416 luculentillime
490 3353 656 3436 explanat.
699 3352 802 3425 „Non
826 3347 937 3425 etaim,
971 3352 1093 3433 inquit,
1129 3371 1192 3435 per

67 3433 191 3498 omnia
221 3438 313 3520 quod
346 3437 493 3500 nostrum
526 3435 570 3497 est
600 3434 636 3498 in
658 3437 754 3498 fluxu
777 3451 811 3497 et
833 3432 1114 3498 transmutatione
1136 3431 1190 3494 est.

66 3519 106 3584 si
147 3517 237 3581 enim
271 3519 350 3582 ellet
376 3517 636 3605 reprehenlibile
669 3517 901 3582 universaliter
934 3518 1027 3602 quod
1056 3514 1191 3578 nullum

65 3603 193 3665 statum
224 3602 326 3665 habet
354 3625 393 3666 ex
423 3617 560 3676 natura,
591 3602 649 3666 sed
678 3606 771 3680 juxta
793 3599 1001 3668 subtiliorem
1022 3598 1191 3666 rationem

67 3707 194 3750 eorum
216 3684 359 3769 quaein
382 3684 481 3750 uobis
504 3685 600 3759 lunt,
622 3687 791 3770 quoddam
814 3681 951 3770 quidem
974 3682 1051 3756 llat,
1085 3682 1191 3767 quod·

66 3773 151 3835 dam
195 3789 275 3832 vero
305 3790 345 3834 ex
371 3767 597 3834 mutabilitate
627 3767 762 3832 accidit.
815 3769 968 3830 Mutatur
1002 3761 1095 3829 anius
1129 3784 1191 3848 per

69 3849 273 3918 auctionem
305 3868 340 3918 et
380 3850 644 3918 diminutionem
677 3873 815 3938 corpus,
855 3845 964 3913 veluti
992 3846 1189 3912 vestimenta

67 3937 261 4024 quaedam,
297 3937 540 4023 consequentes
572 3950 697 4000 aetates
718 3933 889 4000 indutum.
933 3933 1005 3996 Stat
1027 3953 1110 3996 vero
1131 3951 1192 4031 per

67 4039 214 4084 omnem
239 4021 495 4086 conversionem
527 4019 829 4084 intransmutabilis
855 4015 902 4080 ‘in
926 4015 958 4082 le
978 4015 1048 4101 ipsa
1071 4016 1189 4090 forma,

67 4103 177 4166 insuta
204 4101 268 4167 fibi
296 4103 397 4168 semel
422 4123 463 4168 ex
490 4119 610 4178 natura
640 4103 731 4191 figur
757 4117 827 4170 non
858 4098 1033 4165 aruittenst
1066 4100 1124 4164 led
1151 4097 1188 4195 ip

69 4186 238 4270 omnibus
274 4187 459 4271 leonardum
496 4209 620 4275 corpus
648 4183 986 4255 transmutationibus
1013 4202 1093 4250 cum
1122 4181 1189 4246 luta
