2856 4978
433 233 541 306 Iride?
562 235 729 319 Quaem.
1055 237 1137 308 805
1226 279 1230 299 ·

52 422 87 486 ie
111 415 258 506 operibuo
285 419 414 508 primae
439 418 665 508 intelligibilis
693 417 916 508 septimanae,
952 436 1061 509 utque
1091 425 1135 488 ad
1170 413 1174 429 '
1204 493 1208 502 ,

50 503 188 592 quintum
207 503 315 580 diem,
342 503 570 570 tractavimus.
926 545 928 554 =

100 604 131 652 c,
157 588 300 683 Quartus
330 587 406 678 him
436 590 476 652 ab
508 586 665 672 operibus
686 587 795 651 sextae
815 584 1034 673 propheticae
1054 608 1135 653 con·

50 669 256 756 templatronia
289 673 331 734 de
364 669 562 736 conditione
583 669 808 736 universitatis
829 669 1011 746 inchoant,
1047 669 1137 736 redi·

50 765 109 818 turn
128 752 275 818 omniurn
297 752 334 816 in
358 771 430 818 eam
452 771 623 827 naturam,
658 773 744 839 quae
764 773 829 818 uec
850 767 941 818 creat
961 775 1026 817 nec
1046 775 1136 818 crea·

47 848 110 909 tur,
132 837 413 911 consideraturus,
429 837 540 902 -finem
561 835 750 902 constituet.
786 835 892 917 Cujua
916 835 1133 913 difficultatis,

7 921 8 938 ³
47 917 299 1005 diversorumque
328 919 483 984 sensuum
514 921 669 986 occursus
694 935 727 984 at
750 941 794 983 ue
814 919 1027 995 colluctatio,
1063 935 1136 985 tan·
1237 937 1245 946 ‘

47 1015 106 1065 tum
131 1003 263 1067 terroris
293 1001 391 1066 nobie
420 1003 563 1078 incutit,
600 1018 640 1066 ut
668 1002 706 1069 in
728 941 991 1089 ⁴iornpnratione
1021 1002 1136 1091 ipsine,

45 1097 99 1146 tree
125 1088 358 1181 praecedentes
379 1085 477 1164 libri,
507 1087 607 1152 instar
625 1085 719 1172 plani
740 1088 814 1172 pela
842 1086 869 1162 ',
900 1089 1136 1172 fluctuumque

45 1165 202 1232 serenitate
224 1172 351 1254 absque
372 1171 441 1235 ullo
463 1168 638 1256 naufragio
656 1108 874 1256 navigabiffr,
897 1185 1009 1235 tutum
1023 1171 1137 1256 legen·

7 1255 9 1304 l
45 1249 120 1313 tibus
140 1268 286 1318 meatum
307 1255 464 1338 praebere
485 1249 787 1351 videanturtipse
800 1273 881 1317 vero
902 1253 1059 1345 tortuosis
1080 1273 1137 1316 an·

8 1331 187 1400 succubus
209 1335 342 1410 invius,
367 1337 435 1400 obli
461 1335 566 1400 uitate
587 1337 828 1402 sententiarum
847 1334 1028 1422 proclivio,
1052 1350 1149 1402 trae-'

44 1415 120 1480 tibur
140 1418 308 1499 Syrtium,
337 1423 443 1484 hoce
477 1419 685 1506 ¹incognitae
708 1417 881 1486 doctrinae
901 1419 1060 1485 ductibua
1079 1441 1139 1505 pe·
1203 1467 1205 1474 >

43 1497 206 1576 riculosue,
248 1501 531 1567 subtilissimorum
562 1504 818 1578 intellectuum,
858 1500 958 1568 instar
984 1501 1138 1568 cautium

43 1582 222 1659 latentium,
252 1607 421 1671 neveeque
447 1601 587 1671 repente
616 1584 865 1673 frangentium,
891 1585 1138 1673 caliginositate

45 1666 208 1753 naufragiis
232 1684 396 1753 promtus.
439 1667 566 1732 Divina
587 1685 699 1734 tamen
723 1671 869 1736 ducente
893 1686 937 1750 et¹
972 1671 1139 1734 ubernen-

45 1763 71 1810 te
95 1769 208 1834 opera,
244 1752 469 1837 prosperoque
498 1753 580 1814 flatu
602 1751 714 1818 divini
736 1750 871 1838 spirituo
891 1762 940 1816 no'
964 1775 1019 1816 rae
1040 1750 1138 1816 navio

44 1833 194 1898 carbasum
216 1832 398 1919 implente,
423 1829 534 1898 tutur‘n
555 1834 644 1899 inter
663 1839 748 1900 haec
767 1851 965 1922 rectumque
988 1834 1053 1918 iter
1068 1855 1139 1899 car·
1172 1885 1178 1906 ,

43 1929 160 1998 pentes,
183 1919 227 1980 ad
248 1933 384 2002 portum
406 1940 505 2004 quern
527 1919 693 2004 petimur,
716 1917 788 1982 leui
810 1919 907 1982 cursu
923 1917 1021 1982 liberi
1036 1931 1138 2003 atque
1168 1922 1176 1931 “

44 1999 128 2062 illaesi
155 2000 353 2085 perventuri
375 2000 499 2067 sumus.
545 2005 586 2066 D.
610 2004 799 2066 Tendenda
818 2002 897 2066 sunt
917 2002 1009 2076 vela,
1043 1998 1162 2083 navi,

43 2085 260 2168 gradumque3
285 2085 446 2150 accelerat
461 2107 607 2172 namque
617 2085 704 2161 ratio
715 2084 824 2172 perite
835 2083 946 2171 ponti,
961 2085 1070 2148 nullae
1080 2104 1136 2148 ve·

42 2180 118 2229 retur
127 2166 247 2239 minae,
263 2168 375 2230 nullos
385 2169 552 2233 anfractus
565 2169 710 2251 syrtesve
722 2182 878 2232 cautesve
891 2167 1061 2242 formidat,
1079 2163 1137 2232 cui

43 2248 258 2314 delectabilius
275 2249 318 2314 est
334 2249 369 2314 in
384 2251 506 2316 abditis
522 2251 630 2318 divini
641 2251 863 2316 occanisretia
873 2250 1034 2336 virtutem
1044 2251 1139 2314 suam
1180 2263 1185 2272 “
1263 2257 1264 2261 ’

42 2351 186 2409 exercere,
203 2355 306 2419 quam
316 2331 351 2396 in
360 2334 470 2418 plania
479 2334 669 2421 apertisque
680 2334 785 2398 otiosa
797 2334 979 2420 quiescere,
997 2332 1057 2397 ubi
1066 2331 1138 2397 vim
1189 2329 1202 2358 ⁸

43 2413 194 2480 suamnon
206 2417 298 2480 valet
312 2416 457 2502 aperiret
482 2416 640 2508 insudare
649 2421 733 2482 enim
742 2413 913 2512 vultussut'
920 2410 1138 2506 panchuum

42 2499 108 2574 jussa
129 2500 170 2564 est
190 2504 305 2576 veson
326 2515 519 2586 terramque
534 2505 652 2565 Sacrae
676 2499 883 2598 Scripturae,
906 2500 1017 2586 spinae
1033 2513 1068 2588 et
1082 2497 1139 2562 tri·

42 2582 124 2646 buloe
152 2583 210 2648 fibi
260 2582 500 2660 erminantem,
535 2587 602 2648 hoc
622 2583 666 2647 est
688 2581 881 2648 divinorum
902 2582 1140 2671 intellectuum

42 2665 146 2731 exilem
167 2605 364 2732 denfitatern
382 2667 592 2754 studiumque
623 2664 805 2752 sapientiae
828 2663 1061 2752 spernentibua
1086 2662 1139 2726 in·
1314 2719 1318 2751 1

40 2746 133 2825 riam,
164 2749 299 2814 affiduia
332 2750 480 2816 theoriae
502 2748 660 2836 grcffibue
681 2747 833 2824 lustraret
855 2749 969 2814 'donec
989 2749 1146 2812 inueniat·
1298 2783 1308 2814 ι

39 2831 128 2896 locum
147 2836 306 2904 Domini,
332 2835 574 2897 tabernaculum
603 2835 677 2898 Dei
696 2831 822 2898 Jacob:
848 2834 915 2897 hoc
939 2831 999 2906 est,
1027 2831 1139 2894 donec

36 2917 75 2984 ed
94 2915 244 2983 veritatis
266 2917 604 3002 contemplationem,
629 2937 729 3003 quarn
750 2915 845 3000 lapsu
866 2913 967 3001 primi
987 2910 1138 2978 hominia
1186 2993 1187 2998 ἵ

39 2999 235 3080 perdiderat,
277 3000 445 3087 frequenti
482 2999 654 3065 literarum
683 2997 875 3064 divinarum
895 2992 1139 3083 laboriosoque
1243 3047 1247 3052 .

39 3079 151 3160 studio,
176 3086 325 3148 ducente
347 3100 381 3148 et
402 3087 584 3166 adjuvante
603 3097 638 3146 et
657 3097 861 3168 cooperante
882 3096 918 3145 et
931 3084 973 3146 ad
985 3083 1052 3146 hoc
1066 3099 1138 3145 mo·
1198 3142 1202 3150 ,

38 3182 129 3230 nante
158 3166 278 3232 divina
309 3164 434 3253 gratia,
465 3169 640 3232 redeundo
675 3163 872 3252 perveniat,
904 3163 1138 3251 perveniendo

40 3246 161 3334 diligat,
189 3249 364 3346 diligendo
385 3265 596 3336 permaneat,
616 3250 846 3340 permanendo
867 3249 1029 3336 quiescat.

91 3349 120 3410 3.
142 3335 192 3397 M.
215 3331 314 3396 Drxit
335 3354 470 3420 quoque
490 3339 599 3410 Deus,
626 3334 796 3400 Ptoducat
815 3347 906 3398 terra
926 3335 1068 3396 animam
1087 3329 1139 3395 vi·

35 3431 150 3480 ventem
173 3421 209 3482 in
229 3437 347 3498 genere
357 3410 441 3510 [ηυξ
470 3418 626 3502 ἰιιῃεηια,
650 3431 684 3480 ct
705 3416 856 3500 reptilia,
888 3429 922 3498 ct
938 3413 1139 3512 belliastcr·

36 3497 277 3592 raesecundum
287 3492 421 3591 specics
430 3441 536 3589 sicas.-
556 3516 622 3564 etc.
665 3503 851 3577 Producat,
881 3498 1013 3584 inquit,
1047 3509 1140 3558 terra

37 3586 165 3648 animam
186 3587 371 3649 viventem:
393 3604 432 3647 ac
450 3582 476 3646 fi
493 3597 606 3670 aperte
623 3581 763 3658 diceret,
784 3583 956 3648 Producat
966 3595 1053 3643 terra
1067 3576 1141 3642 ani·

36 3667 94 3730 mel
112 3667 259 3734 vivens:
286 3666 345 3732 ille
366 3664 529 3754 liquidem
550 3681 667 3762 tropue
690 3663 748 3750 qui
771 3665 896 3732 dicitur
915 3661 1138 3761 synecdoche,

36 3746 93 3814 hoc
122 3751 165 3817 eil
195 3749 395 3837 conceptio,
428 3749 466 3819 in
501 3749 628 3815 divinae
654 3747 797 3893 elopuiie
826 3743 1052 3812 ufitataffimue
1075 3743 1141 3838 este

38 3849 113 3914 quae
141 3834 253 3900 forma
282 3831 467 3899 locutionie
497 3848 606 3898 totum
628 3852 710 3928 apa
730 3847 781 3907 te,
817 3846 850 3896 et
870 3845 1000 3918 partem
1024 3849 1042 3892 a
1064 3842 1138 3892 toto

1236 3563 1244 3598 s

38 3917 189 4064 concipit.
235 3919 328 3984 Solet
348 3917 461 4002 itaque
483 3917 580 3982 Sacra
602 3915 773 4012 Serrptura
795 3929 905 3979 totum
921 3911 1051 4011 'animal
1069 3908 1142 3978 anie

36 4017 101 4062 mae
136 4002 335 4066 olummodo
356 4001 523 4066 vocabulo
546 3998 743 4086 figmficare.
793 4001 833 4062 ln
854 3999 946 4062 ecus
967 3994 1138 4080 Apostolo·
1197 4041 1199 4046 ·

35 4099 120 4159 rum,
151 4088 319 4184 bornus,
342 4081 473 4180 inquit,
496 4088 530 4148 in
549 4085 631 4148 navi
650 4081 811 4146 ducentae
820 4073 1047 4177 septupginta
1065 4077 1138 4142 ani·
1167 4133 1169 4139 .

36 4183 115 4242 '³⁰03
148 4169 315 4257 liquidem
344 4185 476 4286 animae
502 4187 573 4234 non
597 4180 692 4232 eram
711 4163 781 4232 sine
801 4166 1008 4286 corporibus.
1028 4231 1031 4244 ,
1052 4165 1138 4228 stem

658 4287 775 4353 20'
