2942 4976
252 200 363 274 ‘teo
613 198 668 268 lle
690 197 872 266 llioiriotte
891 194 1078 304 Noton..
1123 253 1126 256 .

281 388 329 456 llo
352 383 520 475 epulantis
541 396 577 450 et
597 385 640 450 ad
659 385 793 448 Patrem
813 383 912 452 snum
933 378 1107 454 redeuntia
1133 378 1335 476 catholicam
1356 379 1393 448 in

283 469 371 547 fide,
407 469 658 557 perfectamque
682 463 848 553 spirituali
869 461 1066 551 cognitione
1086 462 1240 529 veritatis
1258 467 1394 549 ¹banno·

281 553 393 634 niam,
423 574 462 618 ac
495 556 537 616 de
558 551 635 616 [uae
654 547 818 615 libertatis
839 565 875 615 et
894 543 1115 624 redemtionis
1137 568 1279 612 munere
1298 547 1394 632 laeti·

281 636 383 712 tiam;
407 651 441 700 et
461 637 504 700 ob
526 637 593 702 hoc
612 631 743 704 invidia
764 648 953 699 commotus
973 629 1068 696 fratri
1091 629 1150 695 tuo
1170 629 1391 698 bmilitudine

281 734 440 792 naturae,
471 715 613 786 inimico
640 738 721 783 vero
755 712 1022 784 diffimilitudine
1052 711 1210 780 Iudaicae
1230 714 1394 802 perfidiae

282 819 317 870 et
338 801 543 902 Cleristiange
562 797 739 900 religionis
760 799 934 878 irascitur,
957 799 1270 898 patremqueolnqm
1290 800 1394 863 dere-

240 999 241 1004 *
283 886 555 1056 {dimidii}
575 882 1027 1056 iiaiiiitissiiiil'ir
1054 883 1398 1063 {il‘tttiftsi

283 1052 350 1118 Dei
398 1051 496 1118 ilium
517 1067 701 1118 creatorem
726 1067 760 1116 et
779 1051 975 1116 salvatorem
997 1069 1151 1122 omniurn
1172 1063 1286 1136 negat.
1319 1049 1398 1114 Per·

282 1135 343 1202 fidi
363 1135 526 1224 liquidem
546 1131 662 1201 ludaei
683 1155 743 1224 per
758 1132 947 1212 invidiam,
971 1131 1125 1220 nationes
1148 1147 1261 1200 autem
1284 1130 1398 1198 incre·

285 1221 383 1298 dulae
404 1241 468 1318 per¹
485 1216 711 1306 ignorantiam
736 1221 876 1284 verbum
899 1212 964 1302 Dei
985 1217 1156 1283 abnuunt:
1180 1231 1214 1281 et
1232 1215 1399 1315 quoniam

194 1327 195 1335 ¹
283 1300 490 1370 tolerabrliue
512 1317 689 1389 peccatum
713 1301 756 1366 eli
776 1299 987 1389 ignorantiae
1035 1323 1111 1365 uam
1134 1297 1301 1375 invidiae,
1334 1296 1398 1364 mi·

282 1409 349 1458 nus
372 1383 561 1453 Gentilium
582 1408 682 1473 quam
703 1389 904 1452 ludaeorum
932 1324 1073 1472 'opulus
1094 1383 1261 1449 naturales
1284 1379 1398 1470 perdi·

284 1469 336 1538 dit
357 1469 539 1536 thesauros.
582 1472 730 1558 Ideoque
750 1484 905 1556 receptae
925 1409 1004 1534 iuna
1025 1471 1151 1534 Gentes
1178 1462 1328 1532 tenebris
1349 1465 1398 1552 ig-

281 1552 459 1620 norantiae
481 1553 670 1629 absolutae,
694 1551 784 1618 etin
806 1555 917 1618 lucem
942 1551 1095 1622 veritatis
1115 1565 1312 1625 revocataet
1343 1553 1397 1614 lu·

284 1635 359 1704 daei
392 1658 473 1702 vero
504 1634 625 1724 perfidi
655 1635 779 1703 Filium
802 1652 981 1724 negantes,
1013 1635 1050 1700 in
1073 1631 1279 1722 pellionibus
1300 1631 1396 1720 iguo·

282 1719 408 1786 minine
429 1719 647 1808 invidiaeque
662 1709 863 1806 ,gracillimis
886 1718 1058 1787 doloribus
1079 1717 1189 1784 relicti
1212 1717 1307 1794 furata
1340 1719 1397 1782 do·

281 1803 404 1870 necin
425 1803 494 1870 fine
515 1803 635 1869 mundi
656 1801 821 1871 ineffabili
842 1803 977 1869 divinae
993 1799 1155 1869 bonitatis
1175 1797 1396 1889 magnanimi·

282 1903 351 1952 tate
374 1887 600 1974 recipiantur,
622 1890 758 1974 quando
782 1885 1069 1954 convertenturod
1082 1881 1271 1975 vesperam,
1297 1895 1332 1948 et
1332 1877 1396 1972 fe·

283 1995 364 2036 mem
385 1975 573 2054 potientur,
595 1985 633 2034 ut
654 1994 766 2047 eones,
790 1986 823 2036 et
845 1971 1060 2036 circumibunt
1080 1975 1271 2044 civitatem,
1291 1965 1394 2034 socie·

283 2070 387 2119 tatem
421 2054 584 2119 videlicet
605 2055 797 2120 catholicae·
810 2053 909 2131 fidei,
940 2057 1094 2120 volenter
1115 2053 1152 2118 in
1175 2075 1246 2120 eam
1268 2050 1394 2138 recipi;

284 2153 319 2204 et
339 2140 431 2222 quod
453 2135 533 2202 alibi
554 2137 645 2204 idem
668 2137 715 2202 ait
735 2139 926 2225 Propheta,
947 2137 1160 2226 implebitur:
1186 2129 1395 2228 Confirpdan-

284 2234 338 2286 datr
357 2235 394 2284 et
410 2236 618 2284 revertantur
639 2245 747 2286 omnes
769 2225 896 2286 inimici
915 2225 998 2300 mci,
1028 2233 1261 2288 convertantur
1281 2233 1397 2285 retror-

232 2301 241 2316 ‘
280 2299 369 2396 frena,
393 2319 427 2369 et
447 2301 690 2396 confundantur
709 2305 808 2369 vaide
828 2308 996 2372 velociter.
1029 2309 1103 2370 Hac
1118 2303 1225 2391 igitur
1240 2303 1398 2392 parabola

309 2405 552 2487 ropaupertate
567 2387 733 2474 ingenioli
751 2388 863 2466 nostri,
879 2389 1102 2476 spiritualium
1142 2388 1398 2476 hiloiophonim

283 2412 415 2539 iemrtas
438 2471 630 2560 carpentis,
665 2473 829 2558 expolita,
866 2475 907 2538 de
929 2472 1087 2556 lymbolis
1123 2471 1260 2558 pecialie
1282 2475 1398 2536 buma-

284 2577 348 2620 nae
369 2571 507 2620 naturae
529 2555 659 2634 reditus
681 2555 829 2638 breviter
845 2559 1067 2622 tractandum.
1100 2559 1143 2621 D.
1166 2559 1318 2642 Tempus
1333 2553 1399 2619 eri·

283 2637 336 2786 fiir
362 2639 410 2702 ita
438 2638 532 2721 fieri3
563 2638 758 2736 nostraeque
789 2638 1029 2726 disputationis
1066 2639 1180 2708 curlus
1201 2641 1400 2718 iamdudum

311 2744 389 2803 nem
411 2737 580 2810 expectat,
604 2737 639 2784 ct
660 2721 745 2788 nubi
766 2724 864 2788 valde
886 2723 1009 2788 arridet
1028 2723 1153 2810 duplex
1173 2723 1230 2788 itta
1247 2725 1400 2808 Evange-

284 2802 424 2870 licarum
455 2807 686 2893 parabolarum
724 2805 861 2892 species.
903 2807 981 2872 Non
1017 2804 1107 2870 enim
1129 2807 1341 2872 tntummodo
1363 2805 1399 2868 in

284 2886 733 3038 titbtlttt‘tttitt
755 2885 1400 3039 it,ttittllss“tilitw‘ttl‘ziff

1206 3019 1216 3048 9

286 3076 351 3140 que
373 3054 661 3140 interpretationis
683 3055 770 3120 viam
803 3056 951 3122 lludiosrs
973 3055 1185 3140 mysticorum
1208 3058 1401 3121 sermonum

243 3154 249 3162 ·
285 3137 435 3202 theoriae
456 3137 629 3225 praeliant.
683 3141 760 3204 Non
784 3138 873 3203 enim
897 3139 962 3204 alio
983 3144 1085 3204 modo
1109 3141 1299 3206 sanctorum
1320 3141 1398 3204 Pro·

284 3222 463 3306 phetarum
475 3221 652 3308 multiplex
668 3220 703 3286 in
721 3219 847 3287 divinis
859 3221 1086 3288 intellectibus
1101 3239 1279 3289 contextus
1293 3221 1401 3311 potest

285 3303 452 3378 discerni,
484 3304 545 3368 nisa
577 3327 637 3402 per
658 3304 956 3390 frequentiffimoo,
988 3328 1058 3372 non
1081 3308 1187 3374 solum
1209 3306 1401 3394 perpetio·

286 3387 362 3459 dos,
400 3409 518 3452 verum
547 3404 647 3452 etiam
676 3410 737 3475 per
766 3389 840 3454 cola
862 3403 897 3454 et
917 3406 1082 3454 commata
1103 3389 1263 3456 transitus
1287 3413 1327 3455 ex
1354 3387 1400 3454 di·

283 3469 383 3534 vertis
405 3471 548 3536 lenfibus
569 3471 605 3535 in
629 3470 794 3547 diversos,
816 3487 850 3536 et
870 3473 909 3536 ab
928 3472 1054 3539 eisdem
1071 3473 1194 3540 iterum
1212 3471 1250 3539 in
1262 3477 1400 3540 eosdem

285 3553 520 3630 occultiffimas
543 3551 825 3652 crebriffimaaque
844 3555 1057 3633 reverliones,
1091 3555 1285 3644 Saepiffirne
1309 3557 1399 3622 enim

216 3651 218 3658 ’
284 3658 389 3700 uuam
410 3639 620 3724 eandemque
641 3637 857 3723 expositionis
879 3639 1022 3726 speciem
1045 3642 1171 3729 absque
1191 3635 1263 3706 ullo
1282 3639 1399 3706 transi·
1451 3669 1452 3673 ¹

284 3735 323 3783 tu
355 3720 393 3784 in
415 3720 559 3784 diversas
581 3720 799 3808 figurationea
820 3722 1037 3807 sequentibus
1061 3740 1120 3790 aut
1140 3745 1232 3791 error
1251 3741 1313 3789 aut
1332 3744 1400 3790 ma·

201 3807 204 3813 '
281 3800 372 3868 xima
407 3803 586 3868 difficultas
626 3801 817 3869 innascitur
851 3804 1115 3894 interpretandis
1157 3823 1401 3874 concatenatus

282 3883 411 3983 quippe
432 3887 475 3952 est
499 3886 635 3952 divinae
653 3885 725 3955 Scri
752 3903 847 3954 turae
867 3904 1064 3965 contextui,
1087 3891 1338 3980 daedalicisque
1352 3890 1400 3956 di·

282 3968 466 4066 vertrculia·
482 3985 516 4035 et
540 3911 796 4067 obliquitatrzus
814 3973 1003 4070 perplexur.
1033 3972 1236 4063 Nequeboc
1252 3975 1400 4074 Spiritus

284 4051 427 4116 Sanctus
456 4051 586 4118 invidie
615 4051 850 4144 intelligendi,
884 4059 978 4144 quod
1005 4059 1087 4123 abiit
1114 4055 1311 4134 existimari,
1341 4058 1400 4122 sed
1450 4093 1451 4110 r

282 4130 390 4200 radio
411 4134 554 4204 nollraru
574 4135 836 4225 intelligentiam
856 4139 1051 4228 exercendi,
1072 4139 1272 4232 [odorisque
1292 4157 1328 4208 et
1345 4139 1397 4208 iu·
