2930 4982
943 18 952 58 1
985 1 987 4 ,

308 216 389 288 486
427 178 436 190 ⁸
473 313 476 323 Ι
643 216 698 286 tte
717 217 1092 288 maurenciaco.

294 416 426 468 'natura
447 421 621 487 nunquam
642 402 769 468 malum
790 401 940 500 appetita
961 400 999 466 in
1021 400 1137 466 multia
1159 415 1264 468 tamen
1280 402 1384 470 itllitur

307 502 343 554 et
377 484 562 572 decipitur.
594 484 758 570 salsa-pro
778 507 868 550 verta
891 486 1095 584 approbant,
1129 486 1220 584 quod
1238 485 1385 572 proprium

307 569 353 634 est
373 569 512 643 enoria,
536 583 571 633 et
591 587 662 632 non
683 583 809 650 rectam
830 569 920 648 viam
940 567 1165 655 ingredientia
1185 571 1227 636 ad
1246 569 1386 641 summunt

306 655 437 718 bonum
482 652 553 716 uod
573 650 703 750 semper
726 651 866 739 quaerit.
923 651 1101 717 Perversut
1122 666 1234 730 autem
1251 651 1314 738 ipse
1330 675 1387 718 mo·

307 750 363 800 tua
383 673 550 800 vocalalo
574 734 722 800 malitiae
743 755 814 802 non
836 734 1024 822 incongrue
1046 757 1064 799 a
1088 736 1241 832 pellatur.
1277 735 1385 800 Malitia

305 839 453 905 namque
474 817 518 882 est
539 815 670 882 animae
690 816 928 886 intellectualia
951 758 1156 885 naturalium
1178 822 1388 886 bonorumob-

69 923 72 938 ·
155 963 163 988 ¹.
212 955 233 981 „
305 901 408 974 livio.
432 916 466 965 et
485 899 652 968 adfinem
673 899 845 966 inlitarum
866 918 1007 968 naturae
1027 901 1194 966 virtutum
1211 901 1388 988 operationia

307 985 476 1058 desectus,
508 983 780 1070 naturaliumque
808 985 1035 1072 potentiarum
1056 1007 1117 1072 per
1137 985 1304 1050 fallentem
1320 983 1392 1065 judi·

308 1066 477 1133 cntionem
499 1065 535 1132 in
559 1066 652 1132 aliud
672 1085 811 1154 praeter,
825 1069 928 1134 finem
949 1065 1189 1136 irrationabilia
1211 1085 1324 1134 motat.
1349 1069 1391 1131 Fi·

262 1227 266 1236 ,
305 1172 385 1216 nem
407 1171 488 1214 vero
511 1148 588 1214 dico
611 1171 727 1216 eorum
750 1174 836 1238 quae
858 1154 935 1217 sunt
957 1153 1108 1228 eausam,
1138 1173 1238 1250 quam
1258 1149 1394 1216 naturali·
1433 1207 1434 1214 ,

287 1249 358 1298 ¹ter
389 1247 556 1320 appetunt
592 1232 716 1299 omnia.
770 1237 919 1302 Proinde
954 1234 966 1303 i
992 1236 1027 1302 so
1057 1233 1280 1302 irrationabili
1302 1251 1394 1310 motu,
1433 1251 1434 1254 ’

266 1373 269 1384 2
307 1314 366 1402 qui
391 1317 495 1381 totiua
515 1315 595 1380 mali
618 1333 652 1380 et
673 1317 823 1383 malitiae
844 1259 996 1384 tat-cauli
1018 1331 1052 1384 et
1072 1317 1253 1404 plenitudo
1273 1317 1329 1392 est,
1348 1320 1396 1381 bo·
1433 1333 1434 1372 l

306 1397 424 1464 nitatit
458 1398 683 1486 amplitudine
711 1400 1197 1489 circumscripto-penitusque
1225 1399 1397 1474 terminato,

201 1529 203 1536 ν
305 1481 551 1548 rationabiliter
583 1482 769 1550 secundum
790 1484 903 1550 infitaa
924 1483 984 1550 libi
1004 1487 1173 1550 naturales
1194 1481 1331 1550 virtutes
1348 1486 1398 1547 hu

179 3225 182 3232 Ι
233 3152 236 3160 ’
296 3143 430 3233 jaciam
452 3149 520 3232 ejus

306 1587 406 1632 mana
435 1579 555 1630 natura
582 1567 792 1644 movebitur,
830 1569 956 1634 sursum
987 1569 1100 1633 versuo
1123 1583 1252 1641 erectat
1287 1567 1401 1632 causam

305 1651 399 1714 suam
427 1650 556 1734 semper
587 1667 768 1736 appetent,
803 1667 837 1714 et
866 1651 903 1715 in
933 1651 1140 1739 paradisum,
1175 1648 1311 1716 delicio
1336 1649 1400 1714 dico
1433 1683 1434 1706 t

304 1732 471 1798 virtutum
503 1753 584 1816 quaa
610 1734 807 1799 naturaliter
828 1733 886 1801 fibi
911 1734 1049 1800 insertae
1069 1737 1245 1821 peccando
1266 1732 1401 1820 perdidt·
1433 1713 1434 1766 l

306 1833 376 1890 rat,
405 1814 559 1890 redient,
589 1837 766 1904 arcamque
794 1815 881 1904 ligni
911 1817 1021 1894 vitae,
1053 1817 1118 1892 Dei
1139 1816 1302 1882 videlicet
1322 1814 1402 1879 verbi
1433 1885 1434 1888 Ἴ

306 1895 630 1984 contemplationem
658 1905 815 1965 ardenter
839 1902 1045 1975 desiderans,
1077 1895 1402 1986 divinaeque-imagi·

305 1983 359 2061 nis
382 1985 545 2067 adquam
567 1981 654 2046 sacta
676 1983 735 2056 est.
761 1984 962 2070 dignitatem
982 1982 1132 2070 recipere
1152 1982 1323 2048 fellinaua.
1351 1982 1404 2046 Sed

306 2069 398 2152 quod
419 2063 551 2151 quaerit
572 2079 606 2128 et
626 2065 773 2153 appetit,
797 2069 877 2132 dum
899 2084 991 2134 recte
1012 2083 1169 2132 movetur
1190 2067 1246 2132 vel
1261 2087 1329 2130 non
1347 2085 1403 2127 ree

307 2167 360 2223 te,
397 2146 573 2212 infinitum
601 2149 645 2211 est
673 2148 835 2235 omnique
865 2167 1037 2216 creaturae
1062 2147 1404 2236 incomprebensibilet

191 2247 194 2257 '
306 2229 553 2316 necellarioque
591 2231 721 2318 semper
772 2233 923 2301 uaeritur
951 2255 990 2298 ac
1018 2235 1147 2320 semper
1175 2249 1334 2298 movetur
1357 2250 1405 2316 per

306 2319 373 2381 hoc
392 2315 484 2401 quod
505 2314 652 2398 quaerit,
675 2255 889 2403 mirallrilique
909 2320 1023 2392 modo,
1053 2318 1308 2402 quodammodo
1328 2313 1406 2400 quod

307 2397 454 2484 quaerit,
477 2393 613 2461 invenit
633 2413 668 2462 et
682 2419 753 2464 non
768 2398 922 2476 invenit,
946 2400 1025 2488 quia
1037 2399 1195 2464 invenire
1211 2419 1284 2464 non
1304 2395 1405 2496 potes.

305 2481 441 2546 Invenit
461 2493 574 2543 autem
594 2503 656 2568 per
677 2483 918 2580 theophanias,
940 2506 1001 2570 per
1022 2500 1161 2547 naturae
1181 2505 1265 2548 vero
1286 2481 1405 2548 divinae
1433 2491 1434 2554 ζ

306 2564 525 2652 perseipsum
547 2567 869 2652 contemplationem
893 2587 963 2632 non
986 2567 1130 2630 invenit.
1178 2563 1406 2652 Theophanias
1433 2595 1434 2600 κ

306 2665 419 2714 autem
443 2647 520 2714 dico
541 2646 721 2714 visibilium
743 2665 778 2713 et
794 2649 1016 2719 invisibilium
1040 2649 1184 2735 species,
1209 2671 1350 2736 quarum
1368 2665 1406 2707 or·

236 2787 238 2793 .
305 2732 387 2797 dine
409 2747 444 2796 et
463 2729 695 2818 pulcritudine
715 2753 756 2796 co
782 2733 933 2797 noscitur
955 2736 1066 2796 Deum
1088 2733 1150 2796 else
1173 2747 1208 2795 et
1235 2730 1408 2820 invenitnr3

305 2836 376 2881 non
400 2814 482 2902 quid
505 2811 565 2883 est,
587 2810 644 2878 sed
666 2815 745 2900 quia
759 2755 978 2880 lolummodo
994 2816 1065 2890 ‘cst;
1089 2815 1341 2902 quoniamipsa
1356 2816 1408 2875 Det

304 2915 425 2962 natura
446 2919 511 2963 nee
533 2893 658 2959 dicitur
678 2919 743 2962 nec
764 2897 988 2984 intelligitur:
1029 2900 1161 2984 superat
1182 2919 1336 2986 namque
1355 2915 1408 2958 om·

305 3003 384 3048 nem
406 2979 618 3045 intellectum
637 2981 695 3044 lux
718 2980 960 3046 inaccessibilis.
1002 2984 1048 3044 Et
1067 2987 1134 3046 hoc
1155 2983 1199 3046 est
1221 2985 1318 3069 quod
1338 2979 1409 3044 Psal-

224 3124 231 3137 ,
305 3064 398 3126 milla
420 3062 521 3130 dicit:
599 3066 706 3128 uerita
727 3066 907 3128 Dominum
930 3079 964 3128 et
984 3067 1246 3157 corfirmomt'ni:
1276 3066 1408 3150 quaerite

558 3167 678 3228 emper.
717 3145 764 3212 Et
784 3149 867 3212 haec
890 3148 935 3212 est
955 3149 1136 3234 spiritualia
1157 3148 1218 3214 illa
1241 3147 1313 3225 via,
1339 3165 1409 3233 quat
1433 3165 1434 3172 ¹

304 3232 341 3292 in
365 3227 539 3295 infinitum
562 3230 689 3306 tendit,
712 3252 812 3318 quatu
834 3249 938 3317 purae
959 3234 1195 3318 perfectaeque
1219 3233 1356 3298 animae
1371 3229 1408 3290 in·

305 3313 516 3398 gradiuntur,
537 3316 725 3378 Dominum
746 3315 843 3379 suurn
865 3332 1075 3399 quaerentes.
1112 3319 1198 3379 Nam
1220 3331 1259 3380 et
1281 3315 1410 3380 virtuter

306 3396 460 3460 coelestes
483 3397 670 3464 Dominum
692 3398 788 3461 suum
810 3398 940 3483 semper
962 3416 1147 3484 quaerunt,
1170 3397 1208 3462 in
1228 3421 1335 3486 quem
1347 3399 1410 3459 sem-

200 3503 201 3506 ¹
306 3500 366 3566 per
385 3479 575 3566 prospicere
596 3480 857 3566 concupiscunt.
887 3482 958 3578 lpsa
984 3483 1028 3546 est
1050 3483 1173 3568 caligo,
1199 3485 1244 3546 de
1261 3503 1332 3569 qua
1347 3477 1411 3544 Dio

304 3563 417 3644 nystua
438 3565 639 3651 Areopagita
659 3567 834 3629 Dorotheo
856 3565 1023 3640 scribens.
1054 3566 1120 3630 ait:
1153 3568 1299 3630 Divina
1319 3567 1411 3643 caligo

306 3647 354 3735 est
378 3649 484 3712 brnen
505 3642 737 3739 inacceffibile‚
760 3653 795 3712 in
814 3671 877 3732 quo
897 3649 1051 3712 habitura
1071 3653 1168 3714 Dans
1188 3651 1336 3716 dicitur.
1374 3647 1409 3712 Et
1433 3695 1434 3728 p

305 3754 376 3793 cum
403 3733 532 3817 quidem
543 3724 598 3822 stt
619 3728 807 3816 arvifibitis.
812 3747 952 3814 propter
964 3727 1269 3822 snpereminentem
1292 3737 1412 3800 clarite

304 3829 388 3888 tam,
410 3829 445 3880 at
466 3819 578 3880 inurat
604 3818 693 3881 abilis
714 3830 853 3897 propter
869 3817 1118 3884 exuberantiam
1129 3811 1411 3912 supereffentiult't

304 3900 454 3966 luminum
477 3899 544 3991 effu
560 3905 662 3974 tonis,
694 3904 728 3962 in
746 3903 808 3964 sure
817 3899 869 3990 fit
887 3904 993 3967 omnir
1011 3903 1123 3967 Dauara
1133 3899 1231 3994 stira
1254 3903 1413 3968 accidere

305 3983 442 4064 dig-etus,
467 4007 564 4068 eoque
583 3983 655 4076 ipso
673 4003 736 4069 quo
756 4007 857 4069 neque
876 3986 973 4050 videt
991 3990 1295 4071 nequecognoscr't,
1319 3992 1352 4050 in
1369 3983 1410 4046 illo
1433 4001 1434 4089 p

303 4087 380 4128 nera
389 4063 497 4158 snper
516 4073 554 4132 vi
567 4085 673 4134 torrem
695 4081 729 4130 et
749 4091 786 4134 co
816 4129 817 4132 ,
837 4071 968 4134 'tionem
978 4063 1107 4160 factus
1126 4095 1144 4134 a
1185 4092 1198 4135 .·
1226 4073 1299 4136 stoc
1322 4063 1413 4160 ipjun

295 4148 424 4242 sciens,
462 4173 532 4216 enm
554 4159 588 4218 in
607 4152 752 4218 omaribttt
762 4091 975 4245 &tettan
995 4167 1030 4218 at
1051 4159 1103 4220 t‘nt
1152 4151 1328 4220 'ibidibus
1348 4147 1408 4242 effi·

1285 4343 1315 4368 d
