2930 4982
400 235 433 318 -..
504 175 611 312 νῖν
631 192 793 280 οων
1005 201 1008 210 ’
1116 189 1195 272 ω

88 393 165 440 inus
189 385 224 438 et
243 370 464 459 iiitelllgsmus
484 373 725 456 administrari,
748 389 839 445 extra
906 381 958 440 ata
978 373 1081 440 omn'e
1099 373 1194 460 quod

87 456 135 521 est
155 462 192 520 et'
210 458 302 542 quod
322 478 393 522 non
416 456 477 530 est,
499 458 612 546 egredi
632 479 703 524 non
724 458 839 545 potest.
858 395 957 523 &aaa
978 456 1091 522 omnia
1105 475 1192 544 quaa

90 556 182 604 extra
204 541 379 604 beatorum
402 539 554 606 ordinem
575 545 809 628 expelluntur,
833 557 923 606 extra
946 538 1077 604 divinas
1097 541 1190 625 leges

87 622 123 686 in
147 620 270 720 quibus
292 622 521 700 continentur,
537 629 678 690 evadne
700 647 771 692 non
788 625 937 771 possunt,
960 638 994 688 et
1008 620 1093 708 q‘ua'e
1106 643 1124 685 a
1139 623 1191 685 su·
1293 643 1297 666 ο

113 705 277 769 erroribus
306 705 480 770 ordinibus
512 711 655 783 cadunt,
689 708 726 773 in
747 709 783 772 in
802 707 924 773 eriores
945 705 1079 773 ordines
1102 703 1189 770 deci·

87 729 167 853 gere
189 787 295 874 inque
315 789 362 854 eis
387 788 528 855 detineri
550 813 590 856 co
616 807 729 855 untur.
758 790 878 856 Omnia
899 788 989 854 enim
1009 791 1101 861 ordo.
1125 787 1191 850 five

17 871 28 896 ⁸
87 873 237 937 summus
266 873 391 937 sursum
421 874 550 952 versus,
582 815 653 939 ¹ive
688 891 853 940 extremus
882 868 1033 938 deorsum
1066 870 1189 944 vuius,

85 955 154 1020 sive
183 953 314 1020 medius
343 972 377 1019 et
412 978 436 1020 a.
451 959 522 1021 Deo
545 958 588 1021 est
609 957 806 1024 constitutus
827 973 862 1022 et
881 955 970 1021 intra
991 976 1067 1020 eum
1089 952 1193 1018 custo·

87 1036 199 1114 ditur,
230 1053 320 1102 extra
351 1061 450 1124 quern
480 1039 564 1105 nihil
592 1043 653 1117 eil,
691 1056 725 1106 et
745 1042 833 1105 intra
856 1062 955 1127 quem
977 1059 1078 1102 omne
1098 1035 1192 1122 quod

88 1121 133 1189 esi
163 1136 197 1185 et
230 1141 336 1184 omne.
359 1123 450 1209 quod
479 1144 548 1188 non
578 1125 638 1204 esi,
671 1123 817 1189 mirabili
849 1139 884 1188 et
902 1119 1067 1187 ineffabili
1084 1121 1198 1192 modo]

85 1205 394 1290 comprehenditur.
446 1204 524 1270 Sive
557 1229 635 1294 ergo
658 1209 774 1273 dixero
795 1207 966 1271 infernum
990 1203 1189 1290 elle,'quod

85 1287 259 1372 Scriptura
287 1289 421 1352 testatur
443 1287 576 1366 divina,
608 1291 672 1356 sive
693 1312 859 1376 negavero
881 1289 917 1354 in
939 1304 1058 1352 natura
1078 1307 1191 1350 rerum

84 1390 158 1436 non
190 1370 273 1444 esset
303 1393 425 1457 negare
446 1394 515 1437 non
536 1390 655 1461 potere
677 1374 765 1438 intra
787 1395 825 1438 ea
847 1371 988 1459 quaein
1010 1374 1128 1433 Deum'
1141 1389 1190 1434 re·

84 1453 219 1517 versura
239 1455 337 1528 sunt,
371 1455 557 1532 contineri,
595 1457 734 1544 ipsoque
756 1457 814 1543 qui
836 1454 949 1520 omnia
969 1451 1087 1534 ambit.
1125 1472 1190 1516 arn·

83 1535 169 1602 biri=
200 1551 234 1600 et
264 1552 354 1602 extra
410 1561 487 1603 nem
509 1540 594 1604 nibil
641 1542 724 1604 ntell
744 1544 799 1607 vel
821 1561 860 1603 co
888 1537 978 1613 ἐπὶ,
1009 1537 1063 1600 vel
1087 1531 1189 1606 credi,

85 1619 141 1682 vel
169 1618 326 1705 intelligi.
380 1561 574 1688 inerciam
631 1645 687 1688 um
708 1623 856 1688 inconcu
883 1644 901 1684 e
924 1618 1192 1706 intelligo-tene·

86 1703 162 1768 bras
183 1701 220 1766 in
242 1703 321 1769 luce
341 1703 529 1786 contineri,
552 1707 719 1772 filentiuni
739 1707 829 1772 intra
850 1703 1015 1776 sonitum,
1038 1703 1191 1765 umbram

76 1785 176 1878 ⁸intra
197 1806 338 1871 corpus,
376 1804 552 1876 ceteraque
573 1789 705 1866 similia,
744 1812 829 1877 quae
850 1787 962 1853 causas
985 1788 1057 1850 suas
1071 1785 1114 1848 in
1137 1782 1191 1846 his

84 1867 209 1957 quibua
238 1891 257 1932 e
288 1871 457 1935 contrario
485 1874 709 1960 respondent,
738 1872 955 1939 constituunt.
998 1869 1079 1932 Sive
1100 1864 1191 1930 enirn

82 1947 234 2017 absentia
254 1973 365 2018 rerum
388 1955 471 2031 sint,
494 1957 732 2022 five·desectus
754 1972 788 2044 et
798 1954 1029 2042 privationes,
1052 1951 1116 2014 sive
1133 1969 1190 2033 op·

110 2035 192 2100 osita
213 2051 312 2122 atque
334 2039 517 2115 contraria,
541 2042 663 2128 absque
686 2039 737 2104 hii
759 2061 902 2128 quorum
925 2033 1111 2106 absentiae,
1136 2035 1190 2094 de·

82 2059 213 2192 litetur,
244 2118 451 2205 privationes
482 2139 515 2186 et
543 2123 787 2211 oppofitiones.
818 2119 1069 2186 contrarietates
1102 2117 1189 2187 sunt,

82 2202 182 2268 nullo
203 2205 306 2266 modo
329 2205 390 2268 esse
411 2204 556 2292 intelligi
578 2208 722 2290 possunt.
768 2206 838 2268 Effe
860 2221 970 2267 autem
995 2200 1071 2265 dico
1090 2217 1190 2263 eara-

82 2285 180 2350 tione
210 2306 276 2371 qua
305 2308 375 2351 non
406 2290 512 2353 solum
540 2289 761 2353 substantialia
792 2304 826 2351 et
856 2283 1038 2360 naturalia,
1074 2301 1191 2346 verum

81 2368 186 2434 etiam
226 2389 311 2456 quae
341 2368 389 2434 eia
420 2393 459 2436 ex
491 2372 624 2436 adversa
654 2387 749 2468 parte
774 2371 1003 2456 respondent,
1052 2361 1114 2428 elle
1143 2360 1191 2426 di:

81 2466 219 2518 cuntur.
261 2453 400 2517 Nullum
439 2474 586 2552 namque
607 2455 729 2519 vitium
752 2455 815 2528 eil,
846 2454 937 2540 quod
958 2471 1028 2514 non
1051 2467 1090 2509 ex
1109 2443 1192 2542 posi·

84 2535 182 2618 tione
203 2533 339 2600 virtutis
361 2536 416 2602 cui
439 2559 479 2600 ex
503 2541 665 2602 diametro
685 2535 826 2601 resistere
848 2549 1005 2605 conatur,
1039 2543 1189 2594 contine-

84 2637 151 2683 tur.
194 2620 241 2682 Μ.
273 2622 396 2684 Laetor
421 2621 519 2684 valde
548 2622 682 2707 quando
711 2620 795 2683 retia
827 2639 911 2704 quae
934 2613 1063 2759 tuipse
1086 2624 1191 2673 teten-

84 2701 160 2768 disti
190 2717 267 2766 tuae
297 2701 593 2789 contemplationis
624 2703 753 2768 viribus
774 2701 921 2771 illaesus,
959 2698 1054 2760 nulo
1075 2695 1192 2758 modo·

85 2806 154 2872 que
177 2787 338 2856 detentae
357 2785 497 2862 erabili3
522 2801 555 2850 et
576 2791 643 2866 jam
662 2786 698 2849 ni
722 2787 818 2848 fallor
838 2780 1020 2865 intelligia,
1048 2776 1191 2871 nonoso·

80 2873 156 2935 lum
190 2888 290 2933 omne
322 2872 414 2968 quod
436 2872 476 2934 ab
497 2890 567 2933 uno
589 2873 663 2932 Deo
685 2885 832 2933 creatum
856 2866 916 2937 eil,
950 2874 1226 2926 verumetiam.

82 2972 188 3022 omne
209 2955 300 3037 qnod
322 2952 560 3016 irrationabilia
582 2967 694 3016 motus
715 2949 922 3015 rationabilia
939 2961 972 3008 et
985 2945 1191 3038 intellectua-

82 3036 127 3102 lia
150 3051 319 3100 creaturae
341 3035 649 3122 supermachinatus
671 3033 731 3112 est‚
757 3049 791 3097 et
812 3053 906 3097 nunc
927 3029 1015 3116 intra
1038 3027 1191 3122 ordinent

54 3118 223 3194 „divinae
251 3118 485 3204 providentiae
515 3117 700 3196 contineri,
735 3132 769 3180 et
795 3133 879 3179 tunc
904 3113 975 3258 poll
996 3105 1192 3173 universalis

81 3216 255 3268 creaturae
275 3201 312 3265 in
336 3203 407 3267 suas
429 3203 540 3265 causas
561 3201 718 3274 reditum,
744 3199 847 3284 inque
868 3197 903 3282 ip
921 3218 977 3258 um
999 3197 1120 3266 Deum,
1141 3209 1191 3252 or-

84 3286 273 3352 dinandum
296 3285 384 3359 iore,
419 3287 552 3372 quando
577 3283 681 3347 totius
701 3279 922 3346 universitatis
944 3275 1101 3342 conditae
1123 3274 1192 3358 ple·

82 3367 215 3433 nisfinia
248 3367 440 3452 perficietur
468 3366 674 3453 pulcritudo.
731 3367 848 3451 Neque
877 3364 943 3428 hoc
965 3359 1088 3425 mirum
1102 3359 1192 3450 dum
1226 3431 1231 3440 ο

83 3453 180 3517 nulla
207 3467 326 3514 natura
355 3450 452 3515 aliam
483 3465 636 3513 naturam
657 3448 797 3536 punire,
826 3447 958 3510 nullum
983 3441 1107 3506 vitium
1127 3456 1192 3499 vir·

82 3549 194 3599 tutem
227 3555 292 3681 (pua
323 3533 518 3598 continetur
547 3532 644 3618 posfit
677 3543 908 3615 corrumpere;
940 3542 975 3589 et
994 3544 1064 3588 non
1086 3521 1193 3582 solum

82 3625 173 3691 hoc,
200 3616 232 3680 se
287 3639 326 3679 eir
359 3616 410 3680 his
438 3615 595 3681 omnibus
623 3615 711 3679 intra
738 3613 870 3678 divinas
896 3613 986 3693 leges
1020 3603 1193 3668 ordinatur
1281 3669 1284 3680 ,
1319 3652 1337 3670 ..

85 3699 244 3766 omnium
265 3699 444 3785 plenitudo
465 3713 678 3783 natrprarum,
710 3713 743 3762 et
766 3690 948 3760 formositas
966 3683 1193 3773 complebitur

82 3781 241 3850 omniurn
269 3781 449 3847 visibilium
480 3797 514 3845 et
545 3779 784 3854 invisibilium,
815 3775 961 3842 consona
984 3773 1107 3868 absque
1126 3767 1194 3828 ulla

87 3867 277 3934 dissonante
297 3864 472 3931 harmonia
493 3861 732 3929 modulabitur.
773 3867 816 3925 D.
838 3862 917 3924 Non
938 3857 1079 3927 fallena3
1113 3869 1192 3944 nana
1226 3931 1228 3938 J

84 3947 174 4016 retia
203 3970 289 4035 quae
318 3947 467 4023 tetendi,
511 3951 578 4012 hoc
608 3945 652 4009 eil
678 3947 884 4032 problemate
913 3961 997 4037 quae
1024 3933 1193 4020 proposui,

81 4046 268 4124 propterea
288 4053 308 4096 a
327 4054 382 4097 nie
403 4031 494 4097 tensa
515 4031 608 4108 sunt,
630 4051 675 4093 ne
697 4029 825 4091 diutius
846 4025 882 4088 in
906 4041 1115 4104 eracaperer,
1138 4011 1193 4076 sed

84 4123 133 4186 ab
157 4135 206 4184 cis
228 4116 397 4184 absolutus
417 4114 523 4182 libero
546 4111 670 4184 mentis
691 4110 847 4176 contuitu
871 4108 958 4172 clare
974 4100 1193 4191 perspicerem
