2854 4978
294 325 298 332 ,
431 241 763 322 marmus·
1056 247 1169 346 ses·

66 432 114 494 loe
130 427 178 504 th,
196 448 253 517 per
271 428 521 500 uuiverhtstertr
541 434 582 504 ab
603 431 675 522 ipsa
696 427 885 512 conditam,
906 451 996 524 quse
1014 429 1132 508 ineffa-

65 511 253 579 bilis'diffufio
275 514 413 580 etfacit
432 515 568 594 omnis,
590 533 626 581 et
646 516 687 580 tit
705 515 743 584 in
763 515 938 606 omnibus,
960 531 996 584 et
1015 518 1132 584 omnis

64 596 103 685 cll
134 599 170 660 D.
193 596 371 662 Sufficiunt
401 598 498 676 lane,
530 616 565 665 et
584 599 721 686 copiose
743 600 887 664 affluunt
906 599 943 669 in
966 617 1132 688 quantum

62 699 98 742 res
113 677 277 746 ineffabilis
297 681 498 768 quibusdam
516 683 792 750 fimilitudinihus
816 683 879 748 fari
900 685 1024 769 potest,
1070 708 1131 760 um

63 764 91 826 rb
106 751 188 829 omni
203 762 420 830 similitudine
440 784 568 833 remota
589 769 644 832 fit:
673 765 844 866 praedicta
862 766 1024 853 liquidem
1104 768 1131 832 i·

59 843 157 920 litudo,
187 871 285 946 quam
314 849 457 937 exempli
484 851 589 944 gratia
611 854 651 917 ab
672 852 849 914 intellectu
870 849 1057 938 suscepisti,
1091 851 1129 917 in

60 929 108 992 hoc
124 928 245 1008 deficit,
276 947 318 996 ut
337 932 478 1032 opinor,
511 938 552 1000 ab
575 956 613 1000 ea
634 939 731 1014 eujus
750 933 933 998 fimititudo
956 933 1016 1008 est,
1038 934 1132 1022 quud

58 1009 236 1090 intellectus,
266 1032 308 1079 ut
335 1015 437 1095 dreis,
466 1017 624 1082 vehicula
643 1017 702 1081 illa
721 1017 758 1082 in
780 1017 903 1104 quibus
923 1018 966 1082 ad
987 1017 1132 1084 aliorum

15 1153 17 1180 Ι
57 1093 143 1160 leuius
161 1097 351 1178 invehitur,
380 1102 421 1165 de
442 1101 582 1166 materia
602 1117 693 1166 extra
713 1102 748 1167 le
768 1116 896 1176 creata,
920 1099 1074 1176 etfacit,
1096 1115 1132 1166 et

15 1181 17 1268 l
57 1177 185 1268 lucipit3
237 1181 353 1248 divina
387 1203 469 1249 vero
504 1184 639 1252 bonitas
676 1199 768 1250 extra
806 1205 907 1271 quam
948 1182 1036 1248 nihil
1074 1180 1129 1264 ell,

55 1283 108 1406 pun
129 1267 180 1412 pp]
193 1265 305 1352 aliquo
334 1266 554 1355 apparitionis
584 1271 662 1334 luae
687 1265 863 1335 materiam
893 1267 1044 1354 lumpfit,
1073 1265 1131 1333 ted

15 1405 17 1420 ,
71 1367 136 1412 eur
158 1371 212 1414 ιο.

98 1441 123 1509 5.
152 1433 215 1497 Sed
237 1452 317 1499 eum
336 1433 454 1512 audio,
481 1435 536 1500 vel
558 1433 652 1511 dieu,
681 1433 831 1502 divinam
851 1431 1040 1500 bonitatem
1061 1452 1131 1500 om·

53 1509 95 1574 nir
111 1516 146 1578 tle
164 1516 273 1582 nihilo
297 1518 432 1594 creaffe,
455 1539 527 1582 non
548 1517 703 1606 intelligo
725 1519 808 1607 quid
827 1518 1022 1616 eonomine
1037 1519 1131 1607 quod
1255 1525 1259 1533 '

53 1595 85 1656 el
103 1596 179 1694 nihil
200 1604 243 1665 de
263 1600 374 1666 nihilo
394 1599 617 1700 fignificatur,
648 1601 932 1702 utruruprivatio
947 1618 1060 1701 'tetrus
1083 1598 1131 1665 el·

51 1677 164 1758 sentiae,
191 1686 247 1748 vel
277 1685 493 1761 substantiae,
522 1686 578 1749 vel
607 1686 809 1763 accidentis,
846 1707 889 1750 an
910 1689 1057 1750 Drvrnse
1078 1683 1131 1748 lu·

50 1765 322 1844 perellentialitatis
355 1767 561 1832 excellentia.
603 1771 652 1833 Μ.
685 1772 763 1834 Non
794 1768 894 1834 facile
913 1765 1130 1834 coucefferirn

50 1843 172 1947 dipinaru
193 1850 568 1949 ‘supereffentielit‘atem
598 1851 686 1950 nihil
717 1855 797 1952 elle,
831 1853 887 1918 vel
908 1850 969 1916 tali
987 1849 1130 1950 nornine

46 1947 219 2082 t¹t3²¹ttt
245 1935 339 2081 Ei?
361 1937 858 2084 ltttrmittfflttfht
873 1936 1058 2084 llll?
1071 1936 1131 2082 lt*

46 2093 194 2184 plusquam
216 2101 290 2165 effe.
317 2065 517 2187 'Quomodo
540 2102 630 2167 enim
653 2105 749 2169 caula
770 2102 923 2168 omniurn
946 2063 1130 2191 quae'sunt

45 2179 116 2244 nulla
144 2185 280 2248 ell'erstia
310 2183 555 2272 intelligeretur
577 2187 660 2262 elle,
693 2209 772 2252 curu
790 2185 918 2252 omnia
931 2207 1017 2273 quae
1038 2184 1127 2258 lunt,

45 2279 98 2328 eun
115 2288 188 2332 vere
210 2269 274 2331 effe
298 2270 578 2342 doceant,·nullo
598 2291 681 2335 vero
698 2285 897 2358 argumento
911 2285 1128 2354 eorumquae

44 2341 103 2409 lunt
117 2345 318 2440 intelligitur
339 2350 423 2450 quid
441 2352 497 2415 sut:
519 2352 544 2415 fi
564 2352 670 2500 igitur
689 2369 829 2441 propter
848 2351 1055 2420 ineffabilem
1074 2371 1130 2414 ex·

43 2427 226 2510 cellentiam,
269 2450 304 2499 et
338 2456 453 2500 incunt
479 2439 581 2500 tehen
607 2437 712 2501 bilem
739 2432 963 2510 infinitatem,
998 2432 1128 2499 Divina
1218 2497 1221 2504 ,
1255 2473 1257 2478 -

42 2527 136 2580 nutura
164 2517 292 2583 dieitur
317 2539 390 2584 non
457 2541 496 2594 e,
528 2519 688 2606 nunquid
708 2517 741 2584 l'e
765 2518 858 2583 uitur
878 2517 1019 2584 diunino
1039 2515 1129 2581 nihil

41 2593 108 2658 etet
127 2601 215 2665 dum·
227 2611 301 2670 nun
322 2601 422 2667 aliam
443 2605 487 2668 ob
511 2605 641 2668 eausam
661 2541 879 2690 'praeliemur
899 2622 971 2667 non
992 2600 1129 2666 elle‘lu·

41 2681 272 2760 puellentialis,
296 2685 359 2749 niti
380 2688 472 2771 quod
491 2685 530 2753 in
551 2708 693 2752 numero
716 2705 932 2772 eorumquae
945 2685 1040 2758 lunt,
1064 2703 1128 2746 nn·

39 2764 135 2828 merari
154 2787 234 2833 vera
255 2789 326 2832 non
347 2768 426 2833 linit
446 2768 549 2843 ratio,
572 2771 654 2834 dum
673 2769 774 2857 super
793 2767 909 2833 omnia
929 2787 1015 2853 quae
1036 2764 1126 2839 lunt,

39 2857 64 2937 qt
80 2867 155 2931 quae
175 2873 249 2918 non
271 2851 366 2928 sunt,
390 2851 454 2916 elle
474 2851 692 2940 intelligatur.
735 2857 778 2916 D.
812 2849 907 2948 Quid
927 2870 1007 2934 ergo
1027 2845 1128 2912 intel·

39 2922 120 3012 hganr
149 2936 274 3020 quaeso
303 2949 337 2998 te
367 2934 528 3010 audiens,
566 2938 669 3001 deum
700 2938 742 3000 de
770 2933 881 3000 nihrlo
902 2929 1018 2997 omniu
1041 2947 1129 3018 quae

37 3007 97 3074 sunt
126 3015 267 3082 feciffel
299 3019 348 3080 M.
378 3018 534 3117 Intellige
562 3038 695 3084 ernon
719 3015 934 3103 existentibus
956 3011 1129 3113 episteutia

37 3112 81 3174 pet
96 3096 256 3167 virtutem
278 3099 442 3168 bonitatis
462 3100 610 3168 Divinae
632 3103 719 3167 iacta
741 3099 847 3166 inille.
872 3102 922 3188 Ea
936 3119 1029 3164 enam
1063 3117 1129 3170 uae

35 3195 90 3274 top
110 3200 219 3263 erant,
244 3200 450 3270 receperunt
470 3187 532 3250 elle
555 3187 598 3250 de
618 3183 748 3261 nihilo,
770 3205 917 3271 namque
931 3182 1021 3248 factu
1036 3119 1127 3256 liant,

36 3279 97 3343 qula
115 3287 184 3332 uon
207 3283 305 3332 eram
324 3267 521 3356 priusquam
541 3268 672 3334 fierent.
713 3269 765 3334 Eo
792 3287 940 3355 namque
958 3264 1127 3332 vocabulo
1253 3288 1254 3296 ¹

52 3348 108 3420 uod
129 3349 171 3414 est
192 3350 361 3428 nihilum,
390 3371 463 3416 non
484 3351 596 3440 aliqua
617 3351 794 3427 materies,
809 3372 889 3418 non
911 3350 1008 3416 eausa
1027 3369 1129 3436 quae-

51 3446 94 3492 un
112 3433 343 3509 existentium,
375 3454 447 3498 non
467 3437 537 3500 ulla
557 3434 736 3522 proceffio,
769 3435 827 3500 seu
849 3435 994 3509 ocoefio,
1025 3451 1129 3518 quum

34 3507 205 3596 sequeretur
234 3537 353 3582 eorum
382 3538 468 3604 quae
496 3518 575 3584 lunt
602 3519 774 3594 conditio,
807 3539 880 3583 non
909 3511 1038 3602 aliquid
1062 3517 1127 3578 deo

34 3597 246 3678 roetenuale,
280 3615 315 3665 et
345 3617 583 3677 coaeternum,
615 3625 728 3690 neque
760 3617 852 3668 extra
882 3603 985 3665 deum
1012 3615 1073 3681 per
1092 3595 1128 3658 le

32 3673 198 3759 sulutem,
239 3684 299 3748 len
336 3687 377 3748 ab
414 3684 527 3773 aliquo
565 3687 659 3750 unde
696 3687 779 3749 deus
811 3680 921 3748 veluti
952 3675 1128 3750 materiem
1212 3733 1216 3741 .

31 3768 178 3860 quandam
213 3765 448 3833 fabricationis
483 3767 605 3834 mundi
639 3766 843 3854 susceperit,
885 3763 944 3828 sed
983 3757 1127 3860 omnino

31 3854 114 3912 touns
149 3849 312 3914 elleuti'ae
348 3849 550 3937 privationis
588 3872 716 3918 nomen
753 3865 842 3925 erat,
882 3861 918 3911 et
942 3861 985 3910 ut
1012 3863 1128 3910 versus

32 3921 121 3997 dictur
153 3935 364 4000 vocabulum
401 3933 446 3997 ett
483 3934 632 4002 absentia
665 3932 772 3999 totins
801 3928 968 3998 essentiae.
1014 3925 1129 3993 Prira-
1267 3944 1272 3956 ·

30 4005 68 4102 tio
90 4015 181 4082 enim
210 4014 424 4114 habitudinis
456 4017 670 4117 estfblatio..
712 4017 1039 4114 Quomodoauteru
1068 4011 1127 4077 lie·

28 4109 211 4250 ffi‘
231 4095 1003 4272 ttutnttttutnlttlltttl
1035 4093 1129 4252 ll:

784 4255 802 4292 Ο

637 4307 676 4372 13

1224 4239 1239 4286 U
