2856 4978
247 243 358 318 -ara
593 243 649 313 ne
668 239 850 352 natam
869 193 1045 315 nm.

302 443 476 520 argutam,
498 447 598 516 qoam
617 424 784 492 virtutum
806 409 1013 500 ornameritia
1030 409 1243 505 redimitam.
1267 431 1313 497 ad
1328 431 1390 518 pri·

278 455 396 582 Kinatn
420 510 561 578 'divinae
589 509 747 597 imaginia
781 509 982 598 dignitatem
1000 527 1189 578 revocatur.
1232 518 1277 579 D.
1300 517 1391 582 Haec

277 601 433 668 libenter.
451 593 603 682 accipior
639 595 695 658 led
722 613 792 661 non
812 617 896 688 pure
917 596 1093 682 conspicor
1115 602 1289 684 quomodo
1313 621 1388 665 cum

280 703 398 752 omnee
420 679 545 767 species
566 677 603 742 in
626 699 749 764 genere
770 699 878 741 unum
899 679 994 754 lunt,
1017 681 1289 748 contradicentes
1307 681 1391 746 invi-

279 789 353 835 cem
376 763 500 852 ipecier
520 762 579 827 illo
602 783 710 824 unum
733 761 915 826 sublillunt.
947 763 1311 852 ‘Definitioliquidem
1335 769 1391 830 ho

279 849 400 923 minie,
429 853 638 913 caeterorum
658 843 854 913 animalium
879 844 1137 929 definitionibut
1155 849 1392 915 ¹contradicere

277 935 423 1000 videtur.
465 931 520 994 Eli
541 928 632 992 enim
653 927 776 992 animal
797 927 980 1005 rationalc;
1011 946 1141 995 caetera
1161 953 1248 1009 vero
1266 933 1391 998 anima·

277 1018 324 1083 lia
355 1007 608 1080 irrationabilia.
663 1011 808 1076 Videsne
827 1015 1002 1159 guomodo
1023 1015 1241 1080 adr'erlantur
1261 1017 1393 1084 libimet

277 1099 442 1168 rationale
463 1115 498 1161 ct
517 1093 733 1160 irrationale?
757 1097 806 1159 M.
856 1097 1005 1160 aulolum
1029 1098 1160 1163 acutior
1183 1115 1326 1164 naturae
1347 1123 1393 1164 re-

277 1209 354 1252 rum
376 1182 524 1268 inspice.
553 1195 587 1244 ct
606 1177 764 1244 inveniet
784 1183 873 1244 hano
893 1180 1156 1265 propositionem
1178 1203 1266 1269 quae
1289 1185 1336 1248 est
1357 1184 1389 1248 in

198 1329 199 1334 ,
279 1265 470 1336 differentia
489 1263 672 1337 virtutum,
705 1279 911 1328 nouantem
936 1265 1236 1330 controverfiacin
1259 1267 1388 1333 multia.

278 1350 380 1419 Verbi
449 1347 524 1413 atia.
568 1345 688 1412 Omnia
723 1362 873 1418 creatura
897 1363 956 1412 aot
974 1347 1112 1413 visibilia
1135 1351 1178 1413 est
1200 1366 1261 1414 aut
1280 1350 1391 1415 invili·

277 1435 367 1503 bilia.
446 1432 478 1498 ic
501 1429 725 1497 differentiam
746 1429 846 1504 facit,
869 1452 940 1494 non
965 1434 1234 1498 controverliam.
1278 1433 1391 1498 Vifibi·

276 1521 354 1587 litae
376 1515 467 1582 enim
490 1532 525 1580 et
544 1512 755 1578 invilibilitae
777 1516 845 1577 duo
867 1518 1029 1599 quaedam
1051 1517 1130 1579 fu'nt
1151 1517 1217 1580 ale
1232 1516 1388 1591 diocreto.

277 1626 349 1670 non
372 1603 431 1668 libi
451 1596 686 1687 repugnantia.
732 1595 894 1660 Similiter
915 1614 974 1662 aut
993 1599 1176 1686 corporalia
1199 1616 1260 1664 aot
1280 1600 1391 1668 incor-

278 1686 403 1776 poralia
432 1683 476 1748 est
505 1680 616 1748 omnia
645 1695 806 1745 creatura.
849 1680 1051 1746 Divinarum
1080 1704 1215 1770 quoque
1235 1686 1392 1782 persona·

276 1793 353 1836 rum
375 1765 595 1836 habitudinca
618 1762 808 1828 discernit..
832 1765 932 1828 Pater
955 1764 1115 1852 liquidem
1136 1767 1316 1854 ingenitur
1340 1769 1388 1842 eii,

279 1853 369 1920 filius
396 1871 477 1916 vero
497 1848 651 1936 genitua;
668 1885 670 1893 ,
687 1862 720 1910 et
741 1847 1000 1917 innumerabilia
1021 1852 1171 1937 exempla
1192 1848 1390 1932 hujusmodi

280 1939 367 2002 lunt.
410 1939 455 1998 Et
473 1949 514 1997 ut
535 1931 655 1998 clariue
676 1950 876 2016 cognoscas:
907 1931 985 1998 vide
1010 1936 1102 2019 quod
1122 1934 1235 1999 omnia
1256 1951 1392 2000 contro·
1426 1971 1427 1996 t

278 2021 398 2092 verna,
420 2019 457 2082 in
479 2037 549 2082 una
570 2016 753 2099 eademque
774 2012 886 2100 specie
907 2017 964 2079 seu
976 2015 1309 2116 parteintelligitur3
1335 2019 1393 2084 dil·

278 2100 422 2168 ferentia
442 2121 523 2164 vero
544 2098 580 2162 in
604 2095 757 2162 divcrfiaa
777 2097 885 2162 veluti
906 2099 1005 2185 fiqura
1029 2103 1070 2165 de
1091 2100 1232 2166 homine
1255 2102 1389 2178 dixeril.

277 2191 381 2252 homo
412 2185 456 2248 est
478 2182 600 2247 animal
620 2180 801 2255 rationale,
836 2184 939 2247 homo
963 2184 1007 2248 est
1028 2184 1151 2249 animal
1173 2184 1391 2259 irrationalet

279 2275 322 2337 de
348 2269 406 2333 illa
439 2267 548 2354 [pecie
576 2285 661 2352 quae
691 2265 949 2331 substantialiter.
967 2270 1071 2334 homo
1094 2265 1220 2332 dicitur
1240 2291 1394 2362 pronun·

277 2354 384 2427 tiane3
409 2347 669 2416 contradictoria
690 2348 867 2434 proloquia
883 2349 984 2426 [ient.
1008 2368 1042 2414 et
1057 2352 1258 2428 penetrarier
1281 2375 1391 2422 onom

186 2453 187 2459 ’
214 2478 218 2486 -
278 2438 371 2503 enim
394 2457 529 2507 verum,
564 2435 705 2496 alterum
726 2451 806 2495 vero
828 2433 956 2506 falsum.
999 2437 1077 2500 Non
1101 2435 1192 2500 enim
1215 2437 1393 2512 autfimul

273 2543 354 2585 vera
375 2519 510 2620 poliunt
531 2517 611 2592 effe,
637 2531 697 2662 aug
716 2515 818 2611 fimul·
837 2517 913 2580 falla
928 2519 1188 2615 contradictoria
1208 2519 1390 2620 proloquia

274 2605 489 2752 ltllttt‘l
510 2601 1390 2774 tlt?nttttttltlttmlt‘alatitat:

276 2773 321 2838 est
340 2769 534 2836 irrationale
558 2765 699 2840 animal,
722 2765 814 2828 nulla
828 2765 1031 2854 intelligitur
1044 2767 1284 2845 contradictio,
1312 2791 1391 2917 ‹poo-

171 2912 180 2930 .
275 2855 366 2920 niam
398 2849 608 2916 rationabilia
640 2864 675 2912 et
705 2845 944 2927 irrationabilia
966 2851 1119 2918 animalia
1140 2852 1389 2918 substantiaem

276 2935 500 3004 differentiam
533 2929 705 3020 patefacio.
755 2933 844 2996 Dum
868 2933 958 2998 enim
983 2935 1147 3008 rationem
1172 2935 1389 3000 hominidaa

276 3038 310 3088 et
338 3024 378 3085 ab
410 3039 496 3105 equo
528 3016 656 3090 aufere,
677 3011 913 3112 'differentiam
937 3019 1084 3083 hominio
1107 3036 1141 3083 et
1163 3019 1243 3106 equi
1266 3019 1389 3106 lignili·

274 3124 339 3170 cat.
383 3102 436 3166 Eli
465 3100 555 3165 enim
587 3099 630 3164 fic
652 3096 841 3163 differentia
863 3099 1011 3168 hominia
1030 3125 1051 3166 a
1072 3103 1213 3168 caeteris
1234 3103 1386 3168 animan·

160 3239 188 3266 ,,
274 3189 364 3252 tibur
387 3187 509 3249 habere
529 3181 711 3255 rationem,
745 3182 790 3246 fic
811 3199 846 3246 et
866 3200 1074 3250 caeterorum
1096 3186 1326 3252 animantium
1349 3188 1386 3249 ab

182 3315 186 3322 -
273 3269 413 3335 homine
435 3267 642 3340 differentia,
664 3263 831 3330 rationem
852 3287 922 3332 non
944 3271 1086 3351 baberet
1109 3273 1190 3334 dom
1212 3291 1330 3369 nepue
1350 3269 1385 3332 in

273 3357 340 3418 hoc
371 3351 504 3416 habitur
537 3366 571 3414 et
600 3347 746 3435 privatio
779 3349 813 3414 di
839 3349 1001 3416 noscitur.
1044 3351 1189 3418 Habitua
1212 3373 1307 3418 emm
1331 3356 1387 3417 ho·

265 3436 374 3522 Jninia
398 3435 441 3500 cst
460 3437 582 3498 habere
603 3431 785 3508 rationem,
817 3372 952 3498 {abitus
975 3435 1087 3500 autem
1110 3435 1210 3522 equi.
1241 3435 1386 3502 ratiouit

272 3519 431 3586 absentia.
475 3517 649 3604 Siquidem
672 3536 776 3602 equus
798 3537 868 3581 non
889 3516 1042 3602 privatur
1063 3540 1104 3583 eo
1121 3517 1261 3594 habitu,
1285 3541 1386 3607 quern

271 3599 736 3772 tlttttqtttl‘dltt
760 3599 839 3748 pp
853 3601 1129 3750 dimittit
1150 3623 1224 3750 ”tt
1244 3603 1385 3752 {iiiii

919 3733 927 3750 r
1125 3731 1134 3760 ς
1374 3719 1387 3735 “

271 3793 337 3858 que
366 3769 472 3835 vitam
501 3765 721 3866 participanti
749 3787 839 3832 mora
865 3788 936 3832 non
960 3769 1145 3844 accideret,
1187 3767 1385 3857 iipriuaei

191 3847 196 3868 ⁸
270 3853 405 3920 habitur
427 3853 518 3916 vitae
538 3871 608 3916 non
630 3851 765 3935 mellet3
787 3850 932 3952 ideoque
953 3855 1085 3918 nullum
1108 3849 1233 3922 animal
1247 3873 1311 3940 pro
1337 3852 1385 3916 rie

272 3937 416 4004 dicimur
437 3935 592 4009 stultum,
614 3949 745 4020 praeter
765 3933 907 4032 illudqtn
924 3957 992 4022 quo
1008 3937 1182 4014 videmur,
1204 3939 1294 4023 polle
1310 3877 1383 4000 lieri

183 4035 192 4062 ‘
269 4019 411 4087 rationis
439 4019 610 4094 habitum
650 4039 761 4104 neque
794 4019 965 4094 stolidum,
1008 4020 1071 4100 nili
1100 4017 1156 4084 cui
1185 4019 1384 4084 naturaliter

268 4103 372 4169 ineffe
382 4103 489 4190 potest
499 4101 665 4168 sentiendi
678 4101 852 4166 habitudo.
874 4105 917 4166 D.
931 4105 1043 4253 ἳιιατο
1053 4115 1134 4190 ergo
1144 4101 1252 4167 ‹tixiffi
1262 4102 1300 4168 in
1310 4121 1381 4167 uno

270 4189 457 4276 codemque
477 4188 627 4269 [objecto
648 4188 717 4252 duo
737 4185 915 4274 proloquia
959 4186 1064 4255 bimet
1079 4186 1284 4254 adversantia
1299 4187 1380 4276 fals·

580 4281 594 4310 ,
946 4291 948 4297 ,
