2930 4982
301 249 382 328 476
637 255 691 324 sle
713 255 893 326 nemone
913 249 1087 336 Naturae.

263 517 268 524 ,
304 439 481 506 dominum
511 455 548 506 et
576 440 775 506 servientem
803 439 863 506 fibi
894 437 1158 526 inseparabilite!
1191 437 1294 508 sullies
1321 463 1376 506 uon

281 551 284 556 ¹
327 527 396 588 uod
425 537 575 588 creatura
601 524 763 598 creatori,
799 539 839 593 ut
866 523 1012 590 servient
1045 521 1202 597 domino,
1233 539 1376 588 coaeterna

216 636 220 646 ⁴
302 547 361 690 Εἰς
390 605 519 672 c'reator
543 607 710 694 liquidem
737 609 945 681 ereaturam,
979 617 1015 670 et·
1034 604 1191 672 dominae
1211 606 1377 670 furiantem

199 709 217 736 ἰ
304 689 502 780 aeternitate
528 689 722 775 praecedit,
752 711 822 758 non
850 705 1022 775 tempore,
1059 689 1116 755 sed
1136 711 1174 756 ea
1195 688 1312 774 ratione
1328 711 1378 775 qua

304 787 434 838 creator
446 789 491 838 et
511 773 679 841 Dominus
700 772 908 859 principium
930 788 1101 838 creaturae
1122 787 1156 837 et
1171 771 1379 844 servientisest,

302 868 433 954 ereptor
454 871 567 942 autem
589 874 623 922 at
643 855 812 922 Dominus
834 851 1031 947 ”drappos-⁴,
1054 859 1121 930 hoo
1138 853 1379 950 esitarensprin·

303 958 414 1024 capro:
450 955 633 1005 creatorem
665 955 776 1002 autem
804 942 950 1006 nollrurn
983 954 1018 1002 et
1048 937 1241 1013 Dominum
1264 939 1380 1004 dieamus

300 1043 409 1088 unum
441 1039 475 1086 et
506 1024 612 1088 solum
635 1022 843 1097 Dominum,
876 1025 1035 1087 summam
1057 1019 1216 1092 videlicet
1236 1029 1266 1084 et
1285 1022 1381 1086 sacram

302 1105 506 1172 Trinitatem
538 1106 843 1174 unamellentiam
874 1107 910 1170 in
926 1103 1049 1180 ,tribus
1081 1102 1282 1187 substantiist
1316 1125 1381 1188 quae

303 1191 385 1254 dum
417 1211 477 1274 per
506 1190 539 1252 se
562 1190 750 1276 cogitatur.
782 1189 869 1254 solus
892 1189 927 1254 in
945 1203 988 1253 'ea
1009 1191 1108 1251 Pater
1130 1182 1281 1277 ἄναρχος
1301 1185 1382 1250 credi·

265 1343 267 1350 ,
301 1285 379 1354 ως,
398 1293 477 1336 nasu
499 1272 604 1340 Filius
626 1289 663 1338 et
684 1272 828 1358 Spiritus
851 1275 1000 1344 Sanctae,
1014 1292 1085 1338 non
1103 1271 1242 1340 omnino
1261 1263 1382 1360 ἄναρχοι

301 1355 396 1429 sunt,
420 1360 502 1422 dum
523 1354 749 1442 principium,
773 1355 1016 1432 Patremdico,
1039 1357 1176 1426 habent.
1203 1354 1384 1426 Filiusnaru·

300 1459 369 1590 que
397 1441 437 1503 ab
471 1438 544 1530 ipso
568 1455 746 1526 generatus
767 1439 833 1514 est,
864 1441 1006 1504 Sanctus
1029 1459 1112 1502 voro
1133 1436 1275 1522 Spiritus
1294 1457 1386 1522 proce·

327 1543 410 1590 ena..
438 1523 487 1588 Μ.
509 1522 745 1592 Primordialee
766 1523 878 1589 caulas
900 1523 939 1596 in
963 1525 1037 1586 Deo
1060 1522 1268 1586 solummodo
1285 1535 1384 1584 creatas

302 1603 415 1690 saise,
450 1627 491 1670 ac
517 1605 749 1680 nominatae
762 1605 922 1678 servisse„
951 1623 1022 1672 noa
1046 1619 1158 1668 autem
1181 1625 1290 1674 earum
1311 1601 1386 1668 effec-

301 1703 357 1752 tus
379 1686 501 1774 quibus
522 1692 616 1759 hitnc
637 1689 821 1756 sensibilem
844 1691 1009 1755 mundum
1032 1687 1254 1774 compostum
1274 1708 1335 1752 non
1348 1684 1385 1747 iu·
1429 1717 1430 1734 .

301 1793 452 1858 congrue
473 1773 666 1847 credimus..
694 1771 879 1848 arbitraris,
914 1787 954 1839 ut
974 1770 1109 1856 opinor.
1151 1775 1195 1836 D.
1219 1773 1293 1836 Non
1312 1767 1386 1832 aliter

302 1855 456 1920 arbitror.
501 1857 623 1920 Causas
646 1855 772 1920 etenim
794 1877 904 1920 rerum
928 1856 1055 1940 semper
1078 1869 1206 1920 creatae
1227 1854 1329 1925 ruite,
1349 1873 1387 1912 ea·

211 1949 215 1956 “
300 1961 377 2012 rum
398 1960 478 2004 uero
501 1939 640 2004 effectus
663 1938 812 2004 definitio
831 1941 983 2004 locorum
1007 1959 1045 2002 ae
1068 1953 1259 2024 temporum
1275 1931 1388 2000 interli-

301 2021 360 2086 tiie
390 2021 441 2085 in·
460 2026 552 2094 hunc
584 2025 751 2086 mundum
768 2020 966 2108 ‚procaffiffo
987 2037 1019 2086 et
1041 2025 1153 2092 adhuc
1172 2020 1344 2106 procedere
1363 2031 1387 2079 et

299 2106 506 2192 processuros
533 2106 595 2168 else
627 2105 759 2194 opinor.
802 2107 849 2168 M.
885 2109 977 2169 Haec
1010 2103 1129 2190 opinio
1158 2125 1270 2191 neque
1303 2101 1387 2166 aide
1430 2098 1431 2115 ¹

302 2187 467 2262 catholica
497 2209 544 2255 ne
566 2209 614 2254 ue.
637 2211 713 2254 vera
743 2187 984 2274 intelligentia.
1001 2191 1157 2260 recedere
1189 2186 1388 2255 existimanda.

302 2269 397 2354 Quid
426 2211 575 2358 ignari*
591 2273 740 2344 Putasne
755 2273 873 2353 ³causas
898 2273 1114 2346 solummodo.
1129 2285 1389 2344 returnaeternat

301 2353 414 2427 inille,
437 2355 576 2420 effectus
599 2377 680 2420 vero
705 2377 818 2424 earum
841 2356 1062 2440 temporales3
1098 2371 1137 2419 ac
1160 2369 1223 2440 p'er
1244 2359 1306 2420 hoc
1327 2353 1390 2414 solas

300 2437 413 2502 caulae
436 2440 562 2525 semper
574 2438 932 2519 ,man,suras‚·esiectua
952 2457 1033 2504 vero
1077 2437 1253 2504 erituroa‘l
1297 2441 1335 2504 D.
1353 2437 1389 2498 lta
1431 2493 1432 2502 ,

288 2519 429 2620 semper
460 2523 608 2608 cogitare
638 2523 753 2590 solitus
774 2539 895 2597 ararat
929 2523 985 2586 sed
1007 2461 1178 2608 poliquam
1201 2525 1302 2602 hujus
1319 2537 1391 2606 prae
1431 2529 1432 2602 3

300 2605 403 2668 lentas
425 2603 667 2692 disputationis
690 2605 840 2678 semitam
862 2622 973 2678 tecum
998 2627 1133 2691 carpere
1151 2604 1331 2695 inchoavi,
1354 2621 1390 2664 rt·
1431 2615 1432 2628 ¹

300 2687 406 2757 tionis
434 2711 575 2756 acumen
595 2705 648 2756 'ac
674 2690 797 2759 ueluti.
811 2687 1018 2756 ineuitabilis
1039 2711 1151 2756 rerum
1173 2681 1391 2774 consequentia
1431 2689 1432 2696 ’

300 2771 416 2857 coepit
436 2773 708 2850 meattrahere„
728 2789 768 2840 ut
788 2795 858 2839 non
883 2773 986 2846 solum
1008 2775 1140 2847 causas,
1170 2793 1289 2842 veruna
1310 2770 1391 2834 eriam

299 2875 414 2929 earum
437 2857 793 2944 proceffionoa,.,quas
818 2857 985 2945 sapientes
1007 2855 1147 2922 effectus
1164 2869 1309 2927 uocant,
1336 2871 1391 2937 per·

300 2938 480 3024 peutaliter
508 2943 737 3027 permansurae
759 2939 993 3016 concesserim
1029 2960 1070 3006 eo
1092 2955 1206 3006 tamen
1235 2956 1346 3003 tenore
1363 2947 1392 2993 ut

298 3042 369 3086 non
400 3022 490 3108 ipsae
518 3023 741 3110 processiones
773 3025 810 3094 in
832 3022 1034 3112 semetipsa,
1066 3022 1182 3092 sedin
1206 3018 1393 3088 suaaoaulaa

296 3106 487 3170 reversurae
517 3123 746 3193 permaneant.
772 3169 785 3180 ,,
805 3110 853 3180 Μ.
883 3110 1032 3180 Deduc
1066 3110 1176 3174 adhuc
1198 3105 1350 3176 haefitare
1370 3115 1395 3160 te

296 3188 410 3252 video.
454 3193 499 3261 D.
529 3192 664 3280 Negare·
687 3192 927 3276 non·1pollum.
971 3191 1061 3255 Nam
1091 3212 1177 3277 quae
1207 3185 1393 3277 permade

298 3271 366 3348 hia!
388 3271 595 3356 cogitabam,
626 3297 705 3346 ¹vera
721 3273 813 3338 ¹ratio
834 3290 965 3346 mutare
988 3273 1099 3359 cogit3
1133 3271 1312 3360 incognita
1329 3283 1393 3332 vero

296 3373 382 3502 qpae
404 3350 618 3422 introducere
640 3358 701 3433 vis,
725 3359 884 3430 noudum
901 3356 987 3425 milti
1001 3357 1130 3444 liquide
1146 3357 1315 3444 patefacta
1325 3355 1393 3444 suot

338 3485 346 3502 .
369 3439 435 3507 Dic
456 3443 577 3525 quaeso
600 3436 788 3527 quid'pure
808 3439 1004 3527 liquideque
1025 3439 1205 3528 perspicia,
1231 3455 1266 3507 et
1285 3443 1325 3502 de
1338 3453 1393 3522 qm·

294 3523 358 3586 bus
382 3525 493 3588 adhuc
515 3540 574 3588 aut
620 3525 731 3588 enituo
754 3517 903 3599 titubas,
926 3541 984 3588 aut
1006 3524 1128 3622 partim
1149 3522 1339 3608 intelligere
1357 3517 1392 3580 in·

296 3603 405 3692 cipis,
428 3607 557 3692 partim,
573 3549 759 3681 olacunitat
783 3624 884 3705 utque
904 3607 1072 3675 subtilitas
1094 3608 1200 3674 aciem
1225 3624 1302 3674 tuae
1320 3623 1393 3694 meu·

265 3741 269 3748 ,
297 3687 343 3754 tit
364 3689 492 3777 effugit.
531 3696 573 3755 D.
596 3695 649 3756 De
667 3692 1006 3762 caufiaaeternaliter
1020 3690 1118 3758 sactis
1137 3691 1394 3777 semperquema·

293 3771 455 3844 uentibus
485 3789 519 3838 et
545 3774 582 3838 in
604 3774 1045 3862 infinitumpetmansuria.
1083 3787 1306 3862 nequaquam
1319 3783 1393 3834 meu·

253 3917 257 3930 ,
296 3855 338 3918 tis
369 3875 463 3920 meae
493 3858 669 3925 contuitus
686 3857 879 3945 caliginem
900 3859 1046 3946 patitur:
1079 3860 1167 3930 clare
1187 3855 1395 3942 aquiderrae

295 3939 364 4010 fine
386 3941 452 4004 ulla
474 3944 597 4006 nebula
620 3941 705 4015 illud
727 3941 1266 4018 intueor,·ea=rnaxime.ratione
1287 3943 1393 4004 ductat

189 4087 197 4098 ,
295 4043 362 4108 qua
385 4023 422 4086 in
445 4023 609 4110 sapientia
632 4025 748 4092 divina
770 4043 895 4093 creatae
920 4028 984 4094 effe
1004 4039 1083 4094 nou'
1097 4027 1207 4092 solum
1222 4021 1333 4097 credo,
1353 4035 1395 4080 vt·

293 4127 370 4171 mur
404 4107 504 4172 etiam
535 4109 691 4198 intelligo
720 4107 969 4176 incunctanter.
1011 4111 1098 4176 Nam
1127 4129 1230 4176 omne
1262 4107 1351 4195 quod
1367 4097 1394 4162 it

295 4187 459 4276 sapientia
481 4191 597 4258 divina
618 4207 769 4258 creatum
791 4192 948 4321 turpata,
981 4196 1095 4260 nullus
1116 4213 1187 4260 non
1206 4190 1333 4278 implut
1352 4181 1392 4246 rel

1046 4463 1064 4508 Ι
