2856 4978
105 278 119 296 ‘
252 251 330 327 ³24
413 310 419 320 .
588 193 642 356 ile
660 251 845 350 Dwiaiom
865 249 1038 322 Noiurae.

255 433 556 512 irrationabilium,
585 436 738 524 quamria
758 427 1014 502 naturalea‘illia
1027 435 1114 512 'fint,
1147 431 1271 502 illicito
1289 455 1356 524 per·

255 521 368 586 versae
388 519 573 585 voluntaria
595 515 749 622 appetitu
771 524 908 597 cadere,
945 520 982 584 in
1004 519 1120 607 eiaque
1140 521 1231 585 valle
1250 543 1356 588 maue-

169 641 181 658 ι
254 627 309 680 re,
343 603 467 669 relicta·
487 603 651 690 superiori
678 603 909 692 pulcritudine
939 603 1075 668 divinae
1108 602 1278 692 imaginia.
1317 607 1357 668 D.

254 691 331 752 lure
359 687 496 774 quidam
518 690 673 774 culpatur
692 686 921 762 rationabilia,
952 690 996 752 ob
1017 687 1216 752 animalium
1237 687 1359 755 irratio·

202 771 205 776 ’
252 769 418 835 nubilium
445 787 569 836 motua.
610 775 697 837 Nam
724 770 748 835 fi
776 770 897 857 aliquia
924 773 1028 836 bomo
1059 772 1217 836 honestae
1236 771 1359 837 formae

254 854 420 919 bestialem
442 853 598 941 'effigiem
619 856 739 942 sponte
760 855 817 918 sua
838 855 871 918 se
892 853 1067 920 indueret:
1098 875 1171 920 non
1186 855 1358 921 immerito

251 941 568 1024 reprehenderetur,
592 941 633 1004 ab
655 960 695 1004 eo
717 940 810 1024 quod
830 937 950 1002 meliuo
972 939 1033 1014 est,
1055 936 1093 1002 in
1116 937 1154 1004 id
1173 941 1267 1025 quoti
1278 941 1359 1005 mul·

253 1032 326 1086 tutu
349 1021 495 1086 deteriua
518 1021 660 1107 seipsum
680 1020 920 1108 praecipitant.
1298 1099 1302 1106 Ι

239 1151 246 1195 t
317 1119 349 1180 7.
383 1105 449 1170 Sed
478 1107 588 1202 adhue
619 1124 761 1192 quaero:
792 1126 853 1170 cur
873 1108 965 1169 Deua
986 1102 1162 1169 hominem
1181 1101 1219 1168 in
1239 1117 1359 1191 gatera

256 1185 453 1253 animalium
481 1189 625 1264 creavit,
657 1211 758 1276 quem
780 1189 821 1252 ad
843 1186 1025 1276 imaginem
1046 1189 1138 1252 suam
1160 1201 1194 1250 et
1214 1185 1360 1253 similitu·

252 1270 367 1335 dinem
389 1273 499 1337 facere
519 1272 654 1337 voluit?
689 1271 871 1338 Gloriosior
894 1271 1023 1359 quippe
1041 1269 1232 1346 rideretur,
1267 1272 1357 1336 omni

251 1353 458 1424 animalitate
478 1355 552 1440 fieri
573 1356 778 1430 absolutum,
803 1358 895 1442 quod
915 1353 1052 1440 superni
1073 1349 1272 1419 characterio
1288 1377 1358 1441 par-

253 1436 360 1524 ticepa
393 1439 454 1503 effe
483 1441 570 1504 ultra
601 1439 714 1505 omnia
745 1437 901 1504 animalia
927 1439 1037 1516 suerat
1058 1440 1221 1513 electum,
1255 1439 1358 1502 coele·

138 1539 141 1546 ’
252 1521 416 1610 iliumque
433 1523 652 1588 essentiarum
673 1524 828 1596 tonsura,
862 1521 985 1608 quibua
995 1516 1216 1596 ,remanorum
1237 1519 1358 1588 anima·

110 1623 115 1633 ·
250 1603 336 1670 lium
368 1607 462 1670 nulla
490 1607 810 1672 consubstantialitaa
839 1605 958 1670 finitur
987 1604 1099 1670 inesse.
1156 1607 1236 1668 Non
1270 1605 1359 1669 enirn

252 1689 393 1754 terrenia
424 1691 621 1789 corporibus
644 1705 840 1776 gravamur,
873 1710 939 1754 nea
959 1687 1131 1776 corporeia
1151 1687 1298 1752 sentibur
1320 1691 1361 1753 ad

249 1773 585 1838 rerumtenfibrtinm
607 1772 788 1839 notitiam·
823 1793 895 1837 non
918 1771 1009 1836 enim
1031 1771 1234 1836 extrinsecae
1257 1773 1362 1857 phau·

251 1857 344 1922 tafiaa
367 1855 559 1942 accipiunt,
581 1858 638 1922 sed
660 1818 861 1920 intrinsecus
879 1855 916 1919 in
931 1851 1058 1942 seipsae,
1082 1853 1229 1919 rationea
1244 1875 1360 1921 eorutu

237 1957 239 1964 ’
272 1961 336 2004 uae
356 1939 477 2019 vident
497 1954 719 2028 cognoscunt.
761 1940 848 2004 Nam
870 1955 904 2002 et
925 1939 1036 2003 anima
1053 1959 1128 2004 aron
1151 1953 1243 2002 extra
1263 1938 1297 2002 se
1313 1938 1360 2002 ri·

250 1961 310 2086 iet
331 2043 417 2109 quae
437 2023 559 2099 sentit,
582 2025 640 2086 sed
660 2045 721 2109 per
741 2023 927 2108 phantafiaa
948 2022 985 2086 in
1008 2018 1110 2108 seipsa
1133 2025 1224 2107 quod
1248 2021 1359 2108 angeli

249 2104 1362 2276 truttam,latrabatattitulatum

249 2291 306 2334 rae
337 2272 594 2358 sanctorumque
625 2274 764 2335 Patrum
782 2275 937 2359 ,probare
960 2292 1031 2336 non
1050 2272 1241 2358 polluntur,
1271 2271 1362 2336 inter

249 2367 355 2418 uertat
376 2370 572 2420 naturarum
594 2354 858 2442 speculationea,
885 2354 1045 2443 quoniam
1069 2355 1284 2419 temerarium
1304 2356 1358 2430 est,

251 2435 402 2523 accipere
430 2458 502 2502 non
534 2441 704 2504 debemur.
762 2441 864 2524 Quod
896 2454 955 2503 aut
985 2440 1128 2503 Sanctus
1154 2437 1359 2525 duguliinua

250 2521 560 2607 iummoaangeloa
591 2521 775 2610 spiritualia
801 2524 858 2586 sua
887 2543 1027 2609 corpora
1057 2519 1094 2585 in
1119 2521 1242 2608 quibua
1263 2521 1362 2608 saepe

115 2613 117 2620 '
206 2614 211 2637 ¹
250 2619 414 2690 apparent
441 2625 514 2682 non
542 2605 649 2670 soluth
678 2609 801 2671 habere
832 2625 907 2669 non
925 2609 1088 2693 denegat,
1118 2605 1361 2670 verumetiam

250 2686 447 2763 confirmat,
479 2689 576 2754 nullo
603 2691 706 2753 modo
738 2710 813 2754 com
841 2688 1013 2764 ellitnoa,
1041 2689 1194 2754 coelestes
1216 2688 1360 2754 substan·
1426 2687 1427 2778 l

249 2769 312 2834 tiaa
334 2769 491 2836 animalia
512 2773 574 2836 else
596 2776 748 2847 credere3
769 2795 792 2858 p
832 2772 962 2835 esertim
986 2795 1063 2836 cum
1079 2793 1148 2836 non
1166 2762 1358 2837 coelestir‘iln
1426 2795 1427 2806 ¹

249 2867 284 2917 at
303 2851 440 2919 incorru
468 2853 614 2920 tabilium
637 2876 816 2941 corporum
833 2876 911 2919 curu
929 2855 1117 2942 angelicias
1138 2853 1274 2919 iritibua
1288 2859 1357 2920 har·

246 2934 362 3002 monia
390 2937 427 3002 in
445 2937 692 3037 epatabiliaque'
715 2943 890 3017 junctura,
927 2939 983 3003 sed
1016 2950 1101 3001 terre
1146 2937 1213 3001 'um
1234 2953 1270 3001 et
1291 2959 1359 3002 eor·

230 3019 470 3166 ἰυἱιῖζιέῙίυἻ
487 3042 564 3166 cim
586 3025 760 3169 anqrpaqua
783 3023 850 3110 sare
870 3020 1357 3168 rationabiliilbuqfifiyqirrlaqtio-

248 3125 293 3166 na
316 3125 355 3166 ιι
380 3125 419 3167 ua
467 3125 622 3168 enume
647 3125 928 3171 raneconnexro
951 3127 1040 3172 anam
1095 3125 1114 3168 e
1150 3124 1201 3168 ora
1305 3125 1355 3168 am

247 3185 271 3249 fi
299 3185 411 3250 sensua
441 3184 585 3250 exterior
607 3187 985 3282 angeliciavcorporibua
1008 3203 1108 3275 atque
1128 3187 1354 3253 intellectibus
1425 3185 1426 3244 ξ

127 3273 132 3280 ’
247 3266 350 3342 inell;
384 3268 466 3354 quid
485 3269 644 3354 prohibet
663 3293 708 3334 ne
728 3271 804 3336 illoa
826 3271 1000 3346 animalia,
1033 3291 1174 3358 corpore
1195 3273 1355 3358 sensuque

248 3349 420 3416 mediante
442 3368 476 3416 et
496 3351 672 3418 intellectu
692 3353 888 3418 vivificante
905 3355 1102 3440 composita,
1127 3356 1209 3419 siout
1221 3351 1354 3418 Platoni

243 3435 375 3518 placet,
409 3435 584 3500 ditamur?
617 3439 664 3499 Et
689 3437 712 3499 [ι
738 3438 797 3511 stc,
834 3459 935 3524 quare
955 3437 992 3500 in
1016 3458 1139 3524 genere
1160 3437 1354 3502 animalium

162 3573 167 3590 ,
204 3579 207 3592 ,
245 3537 318 3582 non
344 3538 419 3583 coru
446 3519 609 3586 utantur?
645 3518 820 3606 Siquidem
850 3536 885 3584 et
915 3524 1018 3585 horno
1051 3521 1167 3584 [ιιιοιι
1189 3535 1352 3607 peccaret,

125 3625 128 3632 ·
247 3599 371 3666 animal
444 3617 487 3666 et.
531 3605 610 3668 Non
633 3602 724 3666 enim
745 3618 922 3689 peceatum
942 3603 1025 3670 fecit
1043 3603 1200 3668 animalia
1221 3605 1279 3670 sed
1298 3623 1354 3668 ua·

109 3725 115 3739 ι
246 3699 332 3748 tura.
375 3686 462 3751 Nam
484 3701 521 3750 et
540 3687 969 3773 augeloapraevarioatorea
985 3686 1141 3752 animalia
1159 3688 1240 3763 else,
1262 3673 1352 3752 nulla
1424 3675 1425 3734 l

244 3766 349 3832 tradit
369 3768 560 3834 auotoritas.
604 3769 707 3853 Quod
732 3770 875 3836 maxime
898 3770 956 3834 tali
979 3773 1121 3836 docetur
1143 3784 1350 3868 argmenta.

245 3848 420 3934 Siquidem
441 3851 498 3916 illa
519 3854 633 3919 sutura
653 3852 796 3918 felicitat
817 3875 903 3940 quae
924 3853 1046 3918 sanctia
1067 3853 1262 3919 homirubua
1279 3871 1351 3939 pro·

244 3930 411 4008 mittitur,
448 3955 518 4000 non
541 3934 604 4000 alia
625 3936 688 4000 essa
709 3935 1043 4024 praedicatur'quaru
1064 3937 1236 4024 angelicae
1255 3951 1348 4000 natu·

244 4017 1346 4170 tantun.tuat¹tuttntutltttuut
1423 4129 1424 4148 ι

170 4205 179 4238 ι
242 4179 306 4257 rit,
336 4121 446 4248 veluit
470 4203 512 4250 tx
542 4183 679 4250 animali
708 4183 861 4252 inferiori
891 4187 927 4252 iu
957 4185 1080 4254 animal
1101 4186 1271 4273 superna,
1305 4199 1342 4244 ἐκ
