2958 4978
1056 251 1181 302 ¹1V

79 437 153 482 nem
173 375 401 500 cummagno
422 409 723 510 mentieuacnmine
745 431 851 497 utque
873 411 915 476 td
937 411 1070 508 lingula.
1084 429 1183 498 qnae·

76 521 138 587 que
161 495 360 562 mirabiliter
379 497 584 582 perdurent.
612 497 683 558 Nec
704 491 816 560 minna
829 495 1094 579 profunditatem
1110 495 1183 572 εἰμι

77 599 109 648 et
136 581 335 648 audentiam
352 583 503 678 prebat,
543 577 698 644 conantia
719 578 875 664 progredi
897 581 984 644 ultra
1004 574 1183 660 systematia

76 663 303 763 Areopagitici
325 679 506 739 termmoe,
530 665 612 728 dnm
631 662 783 728 Platonis
806 662 1013 726 dialecticam
1035 683 1111 726 cum
1133 661 1181 723 lo·

75 749 147 837 gica
168 747 352 814 Ariliotelie
363 751 558 834 conjungat
587 749 810 813 Evolventem
824 767 904 811 vero
923 744 1072 828 Dionysii
1083 746 1183 807 Areo·

75 833 209 922 pagitae
229 832 322 897 ideae
345 851 383 896 ac
402 831 580 907 notionee,
604 853 681 896 eum
704 830 751 895 ait
762 831 884 894 iterum
899 828 1089 894 necessitate
1105 845 1182 913 qua·

76 921 151 981 dam
173 931 270 980 vetuo
291 915 480 1002 periculum
500 914 714 1002 pantheiomi'
728 913 917 986 incurrere,
945 912 1003 999 qui
1024 913 1061 977 in
1083 909 1183 996 scrip·

75 1000 115 1064 tit
124 998 358 1086 Areopagitae,
373 1015 505 1064 tantum
518 999 907 1086 proptererpofitionem
920 1018 1030 1060 rerum
1048 993 1185 1059 unbem

77 1084 228 1148 saliorem
250 1098 285 1146 et
305 1083 417 1148 minue
440 1084 637 1182 expressam,
671 1081 827 1157 latuerit,
861 1097 912 1156 ct,
944 1095 985 1144 ut
1006 1081 1184 1145 tuml‘oe'm·

76 1166 167 1253 poria
188 1165 247 1229 vix
293 1167 419 1230 otuerit
440 1167 578 1246 evitari,
614 1171 703 1253 apud
724 1157 870 1230 noslrum
895 1163 1065 1228 auctorem
1092 1175 1185 1226 men·
1230 1201 1235 1208 -

77 1249 118 1314 tie
149 1253 257 1337 quade
321 1250 514 1337 integritate
545 1266 580 1314 et
616 1248 814 1315 innocentia
848 1243 1185 1335 proditura-iliam

76 1351 245 1397 creaturae
272 1353 351 1398 cum
375 1335 439 1399 deo
461 1334 691 1399 conlationem
720 1339 794 1412 ‘iarn
829 1329 866 1397 in
884 1327 1187 1398 ·initio'librir*'de

76 1415 279 1482 Eucharistia
301 1423 415 1504 (putat
438 1421 480 1482 de
500 1416 820 1496 Praedeslinaiione)
842 1435 1018 1502 apparere,
1032 1437 1036 1456 =
1050 1411 1110 1475 nbi
1131 1431 1187 1472 re·

76 1521 143 1565 ram
174 1499 377 1586 religionem
398 1515 432 1565 et
450 1523 562 1566 veram
584 1501 831 1588 philosophiam
852 1521 956 1565 unam
979 1501 1189 1582 eandemque

77 1607 143 1648 rem
178 1583 242 1648 else
271 1587 466 1650 contendat.
510 1586 614 1650 Affert
641 1586 764 1652 deinde
786 1599 901 1656 notam
922 1582 1089 1672 Erigenae
1110 1600 1189 1665 qua·

77 1667 286 1754 dripartitam
307 1683 447 1732 naturae
469 1669 687 1744 divifionem,
720 1669 756 1733 in
782 1690 846 1754 qua
868 1684 1021 1734 naturam
1043 1677 1188 1730 creatam

50 1763 110 1814 'et
138 1767 310 1815 creantem
330 1756 357 1815 1.
382 1753 503 1818 Gdrrea
526 1750 632 1841 λόγον
655 1755 716 1818 esse
738 1752 895 1828 affirmat,
911 1787 916 1794 ·
930 1750 1080 1818 medium
1103 1744 1188 1812 scili·

75 1850 130 1901 cet
156 1834 250 1899 inter
280 1851 434 1900 naturam
463 1857 534 1901 non
563 1852 707 1903 creatam
738 1852 773 1900 et
800 1852 968 1902 creantem
991 1834 1131 1916 (Deum)
1154 1843 1215 1893 et·

73 1932 230 1983 naturam
252 1934 396 1983 creatam
418 1939 489 1984 non
513 1937 684 1987 creantem
703 1922 925 2001 (Creatorem)
940 1923 1095 2022 politum.
1125 1919 1188 1978 lta·

74 2023 140 2088 qne
162 2005 275 2065 Deum
297 2003 424 2066 ninum
446 2026 525 2069 cum
547 2019 696 2070 creatora
721 2003 752 2067 ei
774 2006 806 2068 se
828 2003 1015 2080 miscurffe,
1038 2001 1189 2086 indeque

73 2101 231 2150 coactum
253 2085 349 2152 fulffe
368 2087 567 2174 Erigonam,
592 2105 633 2152 ut
654 2087 778 2152 Filium
799 2087 907 2153 Patria
923 2104 1108 2155 creaturam
1126 2079 1190 2148 effe

74 2171 271 2236 declareret.
312 2171 455 2257 Propter
487 2175 747 2240 hunc‘errereni
770 2177 916 2238 eundem
939 2177 1026 2238 ultra
1047 2174 1190 2254 meopa-

76 2253 166 2338 gitae
186 2253 331 2337 ‘systema
360 2256 612 2342 terminumque
640 2275 709 2320 non
731 2258 834 2354 longe
855 2257 1012 2344 progredi
1035 2251 1189 2341 potuisse.

73 2338 195 2422 Neque
218 2337 430 2414 enimcum,
461 2339 497 2404 id
520 2343 611 2426 quod
635 2346 835 2426 Areopagrta
856 2353 899 2404 n'e
922 2339 1061 2414 lexerit,
1096 2334 1192 2400 trini·

75 2435 181 2484 tatem
205 2421 249 2484 in
278 2421 488 2506 mysticarum
516 2445 629 2488 rerum
658 2424 887 2510 speculatione
955 2419 1191 2490 introduxisset

74 2506 420 2602 verum'·sequentem
450 2507 586 2594 vestigia
612 2507 831 2595 Areopagitae
855 2523 890 2574 et
909 2509 1033 2574 librum
1057 2506 1192 2585 ejusde
1280 2545 1284 2550 -

77 2587 207 2652 drvtnit
233 2589 453 2665 nominibus,
489 2611 594 2676 aeque
624 2609 723 2679 atque
753 2593 850 2656 illum
870 2609 1003 2658 tantum
1026 2597 1068 2658 de
1089 2585 1193 2654 unic'a

76 2670 143 2734 Dei
165 2666 329 2749 essentia,
343 2677 460 2738 eadem
484 2675 553 2738 fere
576 2675 875 2763 contemplationis
896 2680 1077 2749 methodo.
1110 2673 1192 2738 licet

77 2754 187 2841 magia
206 2753 416 2832 scholastice,
444 2751 617 2834 tractalie,
647 2775 869 2834 contentum,
899 2763 1085 2824 dummodo
1107 2752 1193 2820 divi·
1251 2831 1261 2841 ἱ

77 2859 169 2903 nam·
188 2857 324 2929 urgeret
352 2839 530 2906 unitatem.
575 2843 755 2908 creantem
778 2859 889 2906 autem
911 2842 1016 2908 creari
1037 2853 1192 2906 naturam

79 2942 155 2986 eam
177 2925 219 2988 eb
242 2945 314 2989 rem
336 2924 376 2988 ab
399 2923 544 3023 Erigena
567 2925 700 3001 doceri,
731 2925 811 3012 quia
831 2929 924 2989 Deua
946 2919 1193 3010 superessentia²

78 3005 122 3069 lie
149 3007 186 3071 ‘et
214 3007 565 3094 superqualitatrrna,⁴
581 3011 667 3080 dnm.
692 3031 732 3073 ex
761 3009 947 3074 nonomafia
968 3008 1005 3071 in
1026 3023 1191 3095 pantene-

78 3087 218 3154 mafiam'
234 3114 296 3180 per
313 3093 540 3178 theophaniae
562 3093 652 3178 quast
673 3096 851 3178 procedat,
900 3115 936 3157 er
955 3095 1044 3157 hanc
1064 3089 1193 3178 proces-

81 3173 208 3238 fiunem
231 3181 410 3262 (quotenne
432 3197 492 3262 per
514 3177 623 3250 ideae,
654 3178 720 3241 five
740 3177 820 3244 θεῖα
840 3115 1022 3269 Silium
1044 3197 1069 3242 e.
1093 3195 1193 3267 arpeo·

81 3257 232 3356 planare
263 3281 290 3324 e.
320 3256 483 3350 rpo'rorro
515 3262 582 3325 sese
611 3261 775 3346 explicet)
804 3263 1054 3347 quodammodo
1078 3256 1193 3324 omnia

81 3365 119 3405 ιιι
141 3341 303 3432 omnibne
323 3345 394 3408 fiat.
437 3343 642 3409 Postremum
666 3359 780 3418 notat,
810 3348 956 3409 eundem
977 3347 1022 3408 de
1043 3343 1212 3432 septisem,

81 3425 130 3490 mi
159 3425 274 3491 reditu
303 3443 444 3514 netegae
466 3445 595 3494 creatae
616 3447 688 3492 non
710 3428 853 3492 creantis
873 3428 910 3492 in
933 3433 1062 3502 Deum,
1096 3441 1132 3490 et
1154 3426 1196 3488 d'e

82 3510 228 3576 transitu
255 3510 456 3577 inferiorum
490 3514 527 3577 in
549 3509 743 3599 superiora,
779 3510 988 3588 et,omnium
1010 3511 1047 3572 in
1070 3513 1192 3583 Deum,

85 3593 145 3680 qui
165 3597 304 3660 tandem
325 3596 414 3662 solua
436 3597 593 3684 superstes
614 3595 674 3671 fit,
706 3611 804 3660 acute
826 3611 860 3659 et
880 3593 1056 3681 ingeniose
1078 3605 1195 3655 tracta·

82 3699 137 3756 re,
163 3679 220 3745 sed
235 3678 338 3745 etiam
355 3683 514 3746 hocloco
529 3677 739 3780 pantheirmi
757 3699 901 3743 errorem
921 3699 992 3742 noo
1010 3675 1169 3762 effugisse.

145 3765 215 3828 lam
236 3765 261 3828 fi
282 3768 366 3830 haec
388 3768 431 3830 de
451 3781 562 3852 pretio
585 3761 911 3849 decretieErigenae,
935 3775 1100 3848 quatenus
1116 3762 1196 3844 dog·

84 3847 317 3934 ma=spectatit
340 3862 440 3935 atque
461 3848 654 3925 scientiam,
677 3847 858 3912 tribuendo
886 3848 991 3910 modo
1011 3843 1102 3909 dicta
1122 3845 1195 3909 bre·

86 3927 173 3995 riter
202 3931 455 4019 concipiamus,
469 3971 472 3976 ·
488 3947 629 4008 cuncta,
661 3953 747 4019 quae
777 3933 899 3995 Gdrree
920 3928 956 3999 in
980 3927 1040 3993 illo
1063 3928 1194 4012 vitupe-

12 4047 17 4104 ιζ
89 4017 187 4082 nuda
208 4031 244 4082 et
264 4015 487 4104 improbanda
508 4019 640 4094 censet,
663 4018 809 4081 adhaec
830 4013 893 4078 tria
913 4014 1076 4078 redeunte

12 4133 16 4172 l

105 4178 113 4194 .
150 4123 177 4164 ι.
198 4101 348 4190 Erigeoa
367 4105 535 4167 hnmanae
556 4097 682 4168 rationi
700 4098 846 4169 nimium
869 4095 973 4172 dedit,
997 4111 1031 4160 et
1049 4113 1134 4181 quae
1148 4107 1196 4156 ra·

90 4180 189 4250 uouit
216 4186 315 4266 sunt,
347 4207 425 4253 cum
447 4184 573 4256 divinit
595 4183 741 4252 mittent
763 4181 924 4271 eloquiis,
953 4177 1193 4246 revelationem
