2854 4978
272 219 351 296 2³4
601 221 656 292 Dc
677 227 856 296 llroitr'o'tte
877 223 1050 296 Nareae.

142 427 147 436 ·
228 435 231 450 ·
274 417 356 479 dum
388 407 537 478 libertati
565 407 694 475 arbitrii
725 409 794 476 mei
825 410 984 477 concedit
1004 407 1148 496 eligere,
1174 409 1364 509 qutpttlit.
1422 427 1423 432 ’

274 512 309 562 et
338 512 452 562 tenere
483 496 575 582 quod
604 494 699 570 vult,
715 537 718 544 .
732 510 765 558 et
786 515 857 561 non
879 492 968 560 verit
990 491 1180 558 rationibur
1200 494 1301 582 exigit
1319 521 1366 562 me
1422 525 1423 536 ¹

273 583 492 652 concludere,
538 580 609 644 uod
630 579 674 642 de
692 577 815 644 talibur
836 593 965 644 remota
985 577 1080 644 omni
1093 577 1231 644 salsitate
1244 581 1366 644 creden-

272 667 373 740 dum,
397 678 432 728 et
454 599 539 726 lutei

270 747 517 846 intelligerem,
549 767 586 810 en
609 767 694 831 quae
717 744 802 821 dixi,
836 767 907 810 non
929 745 1061 811 fortusse
1080 767 1212 810 vererer
1233 761 1365 832 apertum

540 661 716 748 ligendttm
739 661 792 725 elt
836 661 872 728 si
899 661 1074 748 enimpcr
1091 683 1147 726 me
1167 660 1275 748 ipsum
1294 685 1366 749 pore
1420 675 1423 684 '¹

271 831 445 930 scientiam
474 832 516 894 de
547 827 672 894 divinit
700 830 950 928 voluntatibur,
984 845 1018 894 et
1049 831 1091 894 de
1111 829 1164 894 hio
1187 851 1270 926 quae
1289 830 1366 894 sacto
1422 871 1423 878 .

271 915 349 980 sunt
368 914 536 1001 proferre,
559 935 644 978 num
666 929 699 976 et
719 915 756 977 rd
776 915 894 998 ipsum·
907 915 971 978 smt
992 933 1110 978 necne.
1153 916 1282 978 Ventus
1304 913 1365 976 sum
1422 951 1423 958 .

271 1013 384 1063 eutem
415 995 582 1084 meipsum
613 1017 822 1084 cognosceus
851 1019 922 1064 non
948 996 1029 1061 satir
1050 997 1212 1062 idoneum
1234 999 1365 1062 adhaec

159 1113 163 1130 .
269 1080 482 1148 discutienda
512 1079 680 1146 incedere.
722 1081 771 1144 Μ.
804 1080 975 1146 Gradatim
1008 1101 1042 1144 er
1066 1079 1299 1166 o-ingredcre,
1329 1101 1366 1144 ne
1422 1091 1423 1180 l

268 1164 306 1231 iu
328 1164 372 1230 ali
396 1187 441 1230 uo
464 1165 587 1231 sellario
607 1161 648 1228 u't
669 1167 897 1253 quodcunque
918 1095 1140 1239 conceditis,
1163 1163 1266 1228 stabili
1285 1184 1364 1226 men·
1422 1191 1423 1254 p

193 1269 199 1284 ¹
269 1249 386 1314 tir··ha
410 1249 463 1312 itu
493 1247 658 1313 obtinere.
701 1252 744 1314 D.
774 1251 941 1316 Praecede
962 1250 1088 1336 sequar.
1133 1251 1182 1312 M.
1217 1245 1365 1331 Quamvir

268 1349 308 1397 ut
331 1331 454 1420 opinor
478 1335 519 1396 de
539 1334 716 1397 voluntate
737 1333 854 1398 divino
878 1331 1028 1407 dubitet,
1059 1333 1116 1396 seu
1138 1333 1180 1396 de
1199 1327 1365 1395 voluntati·
1422 1335 1423 1360 l

267 1419 354 1492 bur,
387 1417 446 1480 seu
470 1418 519 1482 de
552 1413 717 1482 ineffabili
739 1415 875 1482 divinae
897 1414 1085 1480 voluntatis
1106 1413 1364 1500 multiplicitate3

268 1503 361 1578 Deus
383 1499 476 1564 enim
497 1521 605 1564 unum
626 1498 804 1586 multiplex
824 1499 861 1564 in
883 1499 988 1586 seipso
1015 1499 1080 1582 ell3
1103 1503 1222 1578 Utrum
1235 1499 1277 1560 od
1293 1496 1366 1560 sum·

267 1605 342 1650 mae
362 1581 534 1648 bonitatio'
549 1582 732 1668 simplicem
753 1601 906 1648 naturam
920 1583 1132 1669 pertineant,
1155 1598 1273 1645 utnon
1286 1577 1366 1642 aliud
1422 1589 1423 1622 l

267 1682 400 1756 praeter
429 1665 539 1753 ipsum
568 1665 632 1730 sint
653 1687 787 1742 annon,
823 1670 1037 1732 dumtomen
1059 1665 1125 1748 suis
1148 1662 1365 1730 voluntatibur

266 1751 405 1816 caraille
425 1773 497 1816 non
521 1749 663 1813 dubitas.
708 1753 749 1813 D.
787 1750 878 1815 Hinc
901 1749 1055 1815 dubitare
1076 1745 1364 1836 insipientissimum

176 1891 180 1902 .
268 1835 332 1908 est,
364 1855 466 1898 omne
498 1833 659 1920 siquidem
682 1835 773 1919 q'uod
794 1837 897 1899 habet
916 1835 1045 1923 semper
1067 1848 1101 1897 et
1123 1828 1364 1897 immutabiliter

267 1921 389 1990 habet,
412 1916 574 2002 quoniam
595 1916 682 1980 nihil
704 1916 845 1993 accidit,
879 1916 1026 2003 ideoque
1048 1933 1107 1980 aut
1127 1935 1298 2002 nunquam
1316 1915 1363 1974 hr-

215 1997 226 2014 “
266 1999 345 2066 buit
371 2001 445 2064 suae
471 2002 686 2074 voluntateo,
722 2018 781 2068 rut
808 2001 833 2064 sr
859 2000 980 2065 hebuit
1005 2002 1135 2086 semper
1159 2021 1212 2065 ero
1232 1995 1365 2062 habuisse

266 2084 362 2148 nullo
383 2086 486 2147 modo
510 2083 745 2150 dubitandum.
789 2086 838 2148 M.
860 2087 953 2148 Deus
974 2083 1089 2171 itaque
1111 2085 1241 2170 semper
1260 2082 1364 2145 volun·

267 2179 352 2231 ta'ter
375 2167 447 2230 suae
469 2165 609 2241 habuit,
633 2188 756 2253 eroque
778 2167 907 2254 semper
929 2167 1038 2241 vidit,
1067 2189 1138 2232 non
1163 2166 1253 2232 enim
1274 2167 1364 2230 latere

267 2269 345 2314 eum
375 2249 491 2336 potuit
520 2253 613 2336 quod
639 2251 769 2315 hebuit.
814 2255 856 2316 D.
885 2255 931 2314 Et
958 2250 1079 2314 habuit
1110 2266 1147 2314 et
1172 2250 1268 2314 vidit.
1307 2249 1365 2310 Do·

265 2333 399 2398 minum
425 2353 573 2420 namque
603 2335 836 2398 voluntatibus
868 2333 934 2398 snio
965 2335 1124 2408 caraille,
1166 2350 1224 2398 out
1251 2333 1363 2416 semper

177 2489 180 2496 Ι
266 2437 321 2482 eat
350 2417 620 2490 non'lrobuisso,
655 2433 714 2480 rut
741 2439 811 2482 non
844 2417 961 2482 vidisse
992 2415 1203 2494 dementium
1225 2417 1266 2480 est
1285 2410 1363 2478 aesti-

264 2521 367 2566 mare.
411 2503 460 2563 M.
496 2499 643 2564 Divinae
665 2523 745 2587 ergo
772 2499 965 2564 voluntates
987 2516 1142 2564 aeternae
1165 2503 1258 2574 sont,
1293 2513 1362 2584 quo-

264 2584 358 2648 niam
380 2582 450 2670 ipse
472 2589 567 2664 cujus
587 2585 780 2648 voluntates
801 2585 880 2648 sunt
901 2585 1133 2656 aeternueest.
1164 2589 1206 2650 D.
1227 2579 1360 2649 Omnilro

264 2671 331 2733 hoc
351 2667 577 2734 concesserim.
620 2670 669 2732 M.
700 2667 794 2752 Quid
821 2665 958 2754 igitur?
980 2689 1077 2731 num
1100 2684 1135 2731 et
1156 2690 1194 2733 ea
1214 2687 1295 2754 quae
1314 2682 1361 2725 vo

136 2778 137 2786 ¹
264 2749 331 2815 luit
351 2751 480 2838 semper
499 2749 637 2826 babuit,
661 2767 694 2814 et
716 2752 845 2835 semper·
864 2748 978 2815 vidit?
1002 2749 1099 2816 Clare
1121 2751 1258 2838 quidem
1275 2743 1361 2826 iutel-

263 2832 360 2921 ligio,-
383 2851 423 2898 ut
442 2857 519 2898 reor
540 2833 680 2900 domino
702 2833 790 2898 nihil
814 2833 877 2898 esse
900 2834 1054 2898 futurum
1070 2836 1152 2899 dum
1168 2833 1277 2899 omnin
1291 2845 1359 2894 tem·

169 2983 171 2988 .
262 2939 345 3065 ppra
373 2916 411 2982 in
445 2917 551 3003 seipso
581 2919 781 2991 concludat,
820 2932 855 2981 et
883 2915 998 2981 omnio
1028 2932 1114 3004 quue
1144 2918 1182 2982 in
1211 2917 1257 2982 eie
1284 2914 1359 2978 sunt

264 3021 599 3147 ..lllltlls'll
612 3022 838 3147 illidit..
853 3000 1293 3148 ‘iiiiiiiniiiiiirii
1306 2995 1360 3146 ,ii

263 3187 334 3232 non
365 3164 510 3252 ambigo.
554 3167 602 3228 M.
637 3166 760 3250 Omnir
790 3167 905 3251 itaque
933 3187 1019 3253 quoe
1047 3169 1158 3232 secere
1178 3166 1301 3244 volu't,
1327 3159 1357 3223 in

261 3248 330 3312 strio
359 3248 594 3312 voluntatibur
622 3250 752 3336 semper
773 3249 902 3314 habuit.
949 3251 1026 3314 Non
1048 3251 1140 3316 enim
1162 3251 1199 3316 in
1221 3273 1260 3315 eo
1279 3263 1358 3334 prae*

261 3331 355 3397 cedit
373 3333 461 3394 velle
483 3329 519 3397 id
540 3334 727 3418 quodvult
748 3332 831 3398 fieri.
860 3334 962 3419 ipsine
985 3331 1077 3400 enim
1093 3327 1262 3400 volunra'ti
1278 3347 1357 3396 core-

262 3430 397 3480 ternum
427 3414 491 3512 est,
521 3415 683 3514 liquidem
701 3437 782 3480 *non
806 3431 961 3504 expectat
981 3416 1055 3482 ficri
1078 3423 1172 3505 quod
1190 3407 1357 3501 vultqurfi
1422 3473 1423 3502 p

260 3497 414 3563 futurum
437 3520 493 3562 out
515 3520 630 3564 omma
650 3501 837 3586 praesentio
857 3501 955 3575 sunt,
983 3505 1079 3580 cujuo
1099 3505 1256 3568 voluntat
1275 3491 1359 3564 causa

262 3581 416 3660 omnium
439 3581 500 3656 est,
524 3598 560 3646 et
580 3581 662 3648 visto
684 3583 824 3649 effectur
846 3599 880 3650 et
898 3583 1076 3672 perfectio.
1105 3585 1162 3650 Fit
1175 3584 1266 3650 enim
1278 3577 1357 3644 nolit
1422 3627 1423 3630 ,

258 3687 353 3731 mora
383 3664 578 3753 interposita
610 3670 701 3752 quod
730 3666 826 3732 videt
854 3668 1062 3734 faciendum.
1106 3672 1150 3734 At
1170 3670 1195 3734 sr
1214 3667 1356 3731 voluntte
1422 3659 1423 3720 l

259 3752 332 3828 ciue
360 3748 443 3814 visio
476 3753 547 3829 ejur
579 3750 640 3826 est,
675 3750 817 3816 ervisio
839 3753 1014 3827 voluntat,
1049 3773 1151 3818 omne
1186 3753 1276 3839 quod
1294 3742 1358 3835 vul}

258 3833 427 3896 subnecto
451 3832 546 3897 omni
566 3833 745 3902 intervallo
767 3835 816 3900 fit.
859 3829 907 3899 Ac
927 3833 952 3898 s1
973 3855 1075 3901 omne
1096 3839 1188 3924 quod
1208 3835 1280 3898 vult
1294 3829 1357 3922 fier}

164 3983 167 3994 ,
259 3929 295 3979 et
316 3914 511 3981 faciendum
530 3914 646 3992 videt,
680 3932 806 3984 ernon
828 3933 919 3982 extre
939 3919 981 3981 se'
997 3919 1041 3984 est
1062 3924 1157 4006 quod
1175 3921 1249 3984 vult
1267 3929 1299 3980 ct
1316 3929 1357 3971 vl·

259 3999 351 4095 det,
366 3998 424 4062 sed
454 3997 492 4064 in
520 4000 572 4076 se,
603 3999 758 4089 nihilque
778 4001 815 4068 in
837 4000 910 4087 ipso
931 4001 994 4078 cst,
1024 4008 1117 4090 quod
1137 4003 1208 4091 ipse
1228 3993 1354 4085 nonfi13

260 4081 410 4169 sequitur
441 4085 534 4170 quod
563 4105 664 4151 omne
692 4088 785 4172 quod
818 4083 912 4151 videt
940 4100 987 4152 ct.
1006 4089 1082 4154 vult
1102 4101 1311 4156 coaeternum
1328 4093 1354 4138 0¹
