2930 4982
250 226 394 300 aaa
608 189 1088 300 'flammantem

308 437 398 490 ram,
421 413 457 478 in
482 435 547 499 qua
568 431 831 502 cognosceretur
850 403 1008 490 athmfir,
1046 415 1213 480 munaum
1231 414 1386 489 lenhbilnn

308 515 343 564 et
363 497 611 587 intelligibilem
633 498 669 562 in
688 501 733 562 lei
756 501 793 562 'io
808 497 1147 596 incomprebensibili
1155 499 1315 584 harmonia
1326 505 1388 565 ada·

307 603 404 646 nana.
446 584 491 662 Et
510 583 568 644 lux
581 581 706 647 'inance
742 583 821 648 bilia
843 605 938 647 omnt
959 597 1131 648 creaturae
1141 581 1349 648 'intellectuali
1363 599 1390 647 et

306 663 462 729 rationali
492 665 648 752 praebuit
674 667 852 731 ancellum.
896 665 988 730 Hinc
1017 666 1062 730 est
1082 669 1175 751 quod
1195 667 1389 732 communiter

307 742 493 834 angelicam
526 750 780 838 hymnologiam
810 748 1019 813 universalia·
1043 750 1188 814 Eccleiia
1207 749 1242 813 in
1260 752 1345 814 ›coelo
1363 763 1389 813 et

250 859 253 868 ¹
308 831 351 896 in'
371 847 455 893 terra
476 830 685 917 intelligibili
708 849 741 896 et
763 831 906 896 ieniibili
926 852 1012 896 voce
1038 848 1172 896 cantare
1194 844 1272 898 non'
1285 831 1389 897 definit

311 917 428 980 Gloria
447 918 482 978 in
493 915 638 1003 iexaalsts'
656 919 755 989 Deo,
778 931 812 980 at
831 923 867 980 t'n
888 929 978 980 terro
997 939 1089 998 pax,
1112 913 1291 981 nominatus
1308 917 1391 981 bonae

305 1000 499 1064 nonantulis»
515 1011 525 1035 ²
541 1002 588 1064 Ab
605 1018 619 1028 ·’
647 1023 681 1064 er
702 1003 769 1066 hbe
788 999 939 1066 breviter
960 1002 1249 1075 concludendum,
1281 999 1391 1084 inipso

307 1082 450 1147 nobilia
482 1097 515 1170 et
548 1013 844 1159 unianimam
874 1083 932 1147 est*
947 1081 1105 1147 sensibilis
1136 1098 1170 1147 et
1197 1082 1392 1170 intelligibilia

305 1169 476 1239 mundus,
499 1167 701 1246 restaurata,
724 1168 829 1253 inque
851 1167 1017 1230 unitatem
1036 1161 1242 1232 ineffabilem
1263 1179 1394 1232 revocata

308 1252 402 1314 lunt:
426 1251 536 1313 adbuc
557 1250 593 1314 in
617 1253 691 1336 spe,
714 1251 752 1314 in
775 1251 890 1314 futuro
913 1257 992 1314 aero
1014 1248 1051 1314 in
1072 1261 1135 1314 re:¹
1151 1254 1262 1314 adbuc
1280 1249 1315 1312 in
1331 1249 1392 1320 lide,

308 1333 345 1398 in
375 1334 491 1398 futuro
522 1334 559 1397 in
589 1334 733 1420 speciet‘
749 1337 860 1399 adhuc
880 1333 917 1398 in
940 1349 1156 1420 argument03
1185 1334 1225 1399 in
1246 1335 1349 1396 iuturo
1365 1330 1394 1393 in

198 1494 200 1498 y
307 1415 556 1504 experimento:
588 1418 730 1500 juliula·
744 1417 816 1504 ipio
839 1416 1100 1503 homine-quem
1122 1416 1313 1502 specialiter
1326 1435 1397 1478 acce

304 1502 358 1588 pit
391 1500 535 1578 iactum,
574 1489 762 1578 iubentute
787 1499 824 1565 in
847 1499 1005 1565 omnibus
1026 1499 1228 1588 generaliter
1247 1498 1397 1598 perficier-

307 1589 399 1670 dum.
443 1585 520 1662 Non
554 1583 668 1672 inqui
689 1585 775 1672 &lbra
807 1584 1046 1674 parvipendat,
1080 1583 1397 1672 quod¹De1rerbum

215 1719 218 1726 ,
307 1668 568 1732 inhumanatum
589 1655 840 1745 fit‘lffld'veluti
861 1671 1042 1732 humanam
1065 1682 1222 1734 naturam
1243 1669 1397 1731 lolummo·

305 1755 349 1818 clo
380 1750 539 1815 lalravitt
573 1753 630 1817 led
650 1750 839 1816 'iirmiffime
862 1754 975 1816 credat
997 1767 1031 1814 et
1050 1749 1223 1840 puriffime
1241 1745 1399 1834 intelligat,

231 1867 248 1890 ¹·
305 1837 400 1923 quod
427 1856 489 1921 per
524 1834 842 1900 inhumanationem
873 1834 936 1900 filii
970 1835 1036 1898 Dei
1065 1835 1175 1900 omnia
1207 1847 1349 1900 creatura
1370 1829 1398 1891 in
1432 1877 1433 1880 η

306 1921 402 1984 coelo
426 1917 516 1980 etin
539 1934 625 1982 terra
646 1920 732 1982 [alva
755 1920 841 1984 iacta
863 1919 918 1984 est.
962 1921 1107 1984 Omnem
1129 1939 1211 1984 vero
1235 1932 1398 1983 creaturam
1432 1955 1433 1958 ,

306 2001 383 2069 dico
422 2021 543 2102 corpur
572 2017 606 2066 et
633 2003 786 2068 vitalem·
801 2017 934 2066 motum
956 2017 993 2065 et
1013 2003 1142 2066 sensum
1165 2019 1200 2068 et
1223 2001 1401 2087 superhaec

305 2085 473 2150 rationem
496 2099 530 2147 et
544 2083 767 2150 intellectum.
797 2089 897 2150 Extta
914 2085 1399 2172 quab'llutaanep‘raeterDeum

302 2167 584 2233 ullam‘naturam
608 2169 670 2232 effe
683 2169 700 2232 l
712 2214 717 2225 ·
730 2173 778 2236 M.
801 2172 948 2240 Nullam.
992 2169 1114 2234 Totiua
1136 2181 1308 2233 creaturae
1327 2163 1401 2230 nulla

306 2251 371 2316 alia
392 2250 530 2338 partitio
552 2251 736 2316 invenitur.
780 2251 930 2318 Si·enim
952 2253 1016 2335 est3
1046 2267 1105 2316 aut
1124 2251 1319 2318 intellector
1341 2267 1400 2330 cog·

307 2335 402 2400 nitua
422 2337 477 2398 rel
496 2333 695 2422 incognitus
718 2336 782 2412 est,
814 2352 872 2401 aut
893 2335 997 2411 ratio,
1027 2352 1086 2400 aut
1106 2337 1244 2411 lenius,
1275 2347 1331 2398 aut
1346 2329 1402 2394 rita

182 2441 187 2446 ·
306 2417 686 2506 nutriene7augenaque
719 2441 877 2506 corpora,
909 2435 979 2484 aut
993 2419 1105 2506 ipsum
1126 2441 1254 2507 corpur
1277 2417 1352 2488 erit,
1377 2428 1403 2474 tt

302 2505 388 2566 baec
422 2501 536 2566 anun
565 2507 711 2567 verbum*
736 2504 801 2567 Dei
825 2503 1043 2582 ¹incarnatum
1076 2503 1218 2590 accepit.
1262 2505 1305 2566 D.
1325 2494 1403 2597 Quid

303 2585 425 2672 itaque·
443 2585 567 2651 dicturi
590 2587 728 2652 sumus?
751 2589 842 2653 Num
863 2585 1111 2656 irrationabilia
1128 2586 1306 2659 animalia,
1326 2585 1402 2668 ligna
1432 2599 1433 2608 ¹

303 2669 405 2750 eliam
429 2683 463 2733 et
483 2672 624 2747 herbae,
649 2691 834 2757 omneaque
853 2673 954 2751 hujua
973 2670 1096 2735 mundi
1116 2687 1233 2758 partea
1256 2670 1401 2760 alumno

302 2769 412 2841 utque
443 2755 597 2819 deorsum
626 2753 664 2818 in
698 2757 802 2819 verbo
826 2753 899 2818 'Dei
925 2754 1102 2820 incarnato
1130 2755 1311 2820 restaurata
1330 2743 1403 2814 lntl

302 2839 370 2904 M.·
390 2834 498 2900 Miror
527 2855 587 2901 cur
615 2837 716 2902 toties
750 2841 893 2904 eandem
920 2861 992 2904 rem
1021 2838 1157 2926 repetis.
1201 2839 1329 2903 Nonne
1347 2851 1403 2895 rer·

302 2923 387 2986 burn
419 2921 581 2984 affumena
603 2921 797 2997 bominem,
831 2941 967 2986 omnem
992 2937 1177 2986 creaturam
1198 2919 1404 2986 visrhilemel

303 3003 516 3068 inrifihilerns
539 3003 688 3091 accepit,
723 3027 762 3070 ao
794 3017 903 3070 toturn
936 3009 1029 3092 quod
1057 3005 1094 3070 in
1126 3005 1272 3070 bomine
1293 2995 1404 3084 aceepit

304 3087 431 3150 [alvum
461 3083 569 3151 fecit?
600 3091 648 3154 Ac
669 3091 692 3154 fi
714 3107 850 3154 ornnem
873 3088 1214 3177 creaturamacoepit
1235 3091 1402 3152 humanam

304 3167 475 3255 accipiens
497 3185 669 3248 naturam,
692 3172 845 3259 profecto
868 3195 1005 3244 omnem
1027 3187 1213 3239 creaturam
1233 3167 1403 3235 salvavitet

302 3252 341 3316 in
375 3267 549 3320 aeternum
570 3256 755 3320 salvaturua
776 3257 850 3320 erit.
892 3259 935 3324 D.
970 3257 1022 3321 Co
1067 3279 1163 3322 oreae
1184 3255 1297 3344 igitur
1315 3249 1402 3318 molet

239 3339 240 3351 ¹
302 3334 467 3400 localibus
488 3337 604 3423 [patilo
623 3338 787 3408 ¹distentae
807 3339 924 3404 multia
941 3338 1036 3404 diver
1060 3362 1143 3430 aque
1183 3339 1317 3405 artibus
1334 3353 1404 3400 cou-

300 3419 444 3566 fohtan
468 3437 624 3485 necnon
647 3422 748 3486 etiam
769 3419 914 3487 rihhilea
935 3422 1080 3510 speciae,
1124 3364 1226 3488 raihna
1249 3423 1354 3488 moles
1368 3417 1403 3498 ip

316 3523 376 3579 ae,
400 3524 445 3566 ne
466 3503 575 3568 fluant
597 3503 632 3566 in
655 3525 781 3579 unum,
806 3506 1047 3581 continentur,
1075 3447 1325 3572 reiuneeturae
1345 3502 1404 3568 lunt

301 3583 339 3650 in
369 3586 517 3673 generali
537 3588 816 3653 resurrectione?
842 3592 895 3654 ulo
923 3611 984 3677 per
1005 3593 1072 3654 boc
1093 3591 1115 3655 li
1135 3603 1251 3690 partes
1274 3581 1403 3678 iplaein

301 3667 375 3734 suaa
396 3671 503 3734 tuolea
526 3670 719 3760 formaeque·
738 3687 772 3735 et
793 3672 940 3760 ipeciea,
964 3673 1086 3759 quibua
1107 3673 1252 3740 mobilia
1274 3669 1403 3738 munla·

302 3768 338 3816 et
364 3767 506 3817 ornatur
526 3767 560 3816 et
582 3753 819 3841 componitur,
855 3755 1048 3844 resurgant;
1082 3755 1235 3843 sequitur
1258 3757 1350 3844 quod
1369 3767 1404 3812 10·

301 3849 356 3899 tua
377 3837 527 3900 mundun
548 3858 620 3903 non
642 3837 812 3925 periturus
833 3839 893 3912 fit,
924 3840 981 3903 led
1002 3837 1039 3902 iu
1063 3843 1209 3906 eundem
1229 3839 1350 3906 statum
1368 3851 1403 3896 rt

299 3918 465 3981 versurus.
508 3919 596 3986 Nam
624 3921 647 3986 li
676 3937 788 4012 partes
813 3922 1099 3999 restaurabuntur,
1137 3945 1195 3988 our
1218 3945 1296 3989 non
1321 3939 1352 3985 et
1370 3932 1405 3978 1⁰·

298 3999 381 4063 turi
403 4003 451 4065 M.
467 3999 662 4069 Vibullium
685 4021 719 4068 et
737 4003 943 4070 sensibilium
965 4022 1146 4090 corporum
1166 4008 1279 4072 molae
1303 4021 1336 4069 et
1351 4001 1402 4086 ipa

300 4080 370 4148 oiet
398 4084 637 4152 resurrecturae
667 4109 738 4153 non
772 4087 934 4167 dicimus,
972 4087 1030 4151 sed
1059 4106 1099 4153 ut
1125 4090 1223 4176 saepe
1246 4089 1339 4156 inter
1358 4099 1405 4147 not

297 4182 522 4242 convenerat,
558 4169 595 4233 in
625 4170 699 4236 iuna
726 4173 840 4240 oausaa
871 4187 907 4238 et
940 4169 1090 4239 rationea
1113 4193 1196 4262 quae
1218 4171 1261 4240 iu
1281 4167 1404 4238 bomine

1077 4567 1093 4604 ὶι

869 4721 877 4738 ἱ
