2856 4978
1231 105 1237 144 l

69 197 146 236 '⁴
232 193 338 283 'aaa
406 153 451 300 ι,
580 201 1032 282 teneraetenerae.

121 426 123 436 ·
259 390 432 481 angelicae
451 397 537 482 quae
556 390 729 461 cmdkori
748 392 809 460 iuo
827 387 1151 460 incommutabiliter
1166 389 1367 468 ιᾶῑιιοῐιιιι,

258 477 450 564 meritoque
474 477 552 542 luae
583 475 798 554 obedientiae
827 471 1234 560 beatitudiuiapraelcia,
1268 477 1308 540 ab
1330 497 1371 540 ea

258 575 356 648 parte
378 557 521 647 quaein
540 559 682 626 veritate
702 580 774 626 non
795 559 984 632 stetitsled
1003 556 1082 622 [uae
1101 555 1276 644 superbiae
1291 579 1373 645 poe·

258 665 305 708 na
324 642 362 708 iu
383 644 537 708 tenebrat
558 641 770 730 ignorantiae
789 640 842 708 lui
864 642 974 730 lapiua
994 639 1119 716 futuri,
1142 655 1245 726 atquc
1270 657 1374 707 aetem

127 786 132 795 .
259 747 325 792 nac
338 757 340 766 ·
353 725 507 794 miseriae
534 723 679 802 cecidit,
711 724 934 814 fignificatum
964 724 1019 791 est.
1062 721 1225 812 Quiaquia
1258 739 1372 790 autern

259 806 412 896 pleniua,
441 812 535 874 huuc
561 807 732 896 duplicem
763 809 974 896 intellectum
1002 805 1197 872 diviniffimi
1226 806 1371 896 magistri

258 892 351 958 noll'c
372 891 472 967 velit,
493 889 505 954 i
531 892 595 958 litae
616 895 717 958 verba
733 892 773 968 ,in
796 895 982 958 Hexam'eto
1004 891 1084 965 luo,
1107 905 1143 956 ct
1161 887 1198 954 in
1219 891 1371 977 praefato

164 977 170 1000 ⁸
199 983 209 1004 “
259 974 472 1040 decivitate
527 975 558 1043 ei
580 974 755 1040 volumine
775 974 937 1040 lludiol'ult
957 976 1064 1061 legat;
1103 994 1189 1059 quac
1210 973 1369 1059 quoniam
1424 1017 1425 1046 ι

257 1060 373 1146 plura,
397 1075 432 1122 ct
451 1057 610 1124 omnibua
630 1057 668 1126 in
689 1059 869 1146 propatulo
890 1058 984 1132 lunt,
1008 1053 1090 1122 huic
1109 1055 1238 1121 nodnc
1259 1055 1371 1203 dippu·
1424 1065 1425 1076 ¹

114 1217 118 1229 ι
259 1141 469 1206 tatiuuculae
495 1141 702 1230 superfluum
726 1139 813 1208 mihi
832 1141 942 1208 viluna
960 1139 1007 1204 est
1026 1139 1182 1204 inserere.
1224 1141 1270 1203 D,
1320 1161 1372 1206 ro·

201 1281 205 1287 .
257 1221 356 1290 videt
378 1247 447 1289 non
470 1225 563 1292 enim
587 1225 780 1303 sanctorum
798 1227 938 1291 Petrum
957 1221 1154 1298 sententiae,
1200 1217 1368 1288 raelcrtim

259 1307 285 1372 st
310 1307 466 1395 plurimis
487 1323 590 1373 notae
610 1309 708 1385 lunt,
737 1308 1006 1374 introducendae
1025 1305 1104 1370 sunt
1122 1303 1160 1370 n’
1205 1303 1266 1370 ubi
1287 1305 1372 1372 tum-

259 1410 316 1458 ma
335 1389 508 1458 ncoeffitaa
527 1394 737 1458 roborandae
757 1387 1028 1456 ratiocinatiouia
1047 1387 1213 1536 exegeritt
1234 1403 1373 1488 propter

260 1493 338 1548 coe,
368 1473 428 1562 qui
466 1495 544 1539 cum
563 1475 629 1560 fint
648 1473 918 1540 ratiocinationia
938 1470 1053 1548 inscii,
1082 1491 1160 1560 pua
1181 1472 1374 1538 auctoritati
1425 1519 1426 1550 ι

260 1566 362 1645 qaam
382 1556 508 1624 rationi
529 1557 764 1623 succumbunt.
1219 1605 1222 1612 .

326 1661 376 1708 ιο.
405 1641 473 1706 Sed
511 1641 616 1706 velim
635 1663 697 1728 per
718 1657 752 1706 te
771 1639 863 1707 noil'e
883 1639 1101 1726 quamobrem
1123 1635 1274 1725 angelica
1295 1658 1374 1704 cou-

259 1707 406 1799 stitutio,
428 1723 536 1798 veluti
557 1723 595 1790 in
616 1723 725 1811 prima
748 1721 970 1788 intellectuali
991 1721 1063 1801 die,
1085 1724 1151 1786 hoc
1171 1721 1234 1796 est,
1254 1720 1293 1787 in
1306 1720 1373 1808 pri·

242 1827 315 1872 ·tua
358 1807 553 1893 tophetitae
574 1804 870 1894 contemplationis
887 1803 1102 1870 ordinatione
1116 1820 1279 1879 narratur,
1300 1804 1374 1890 poll

259 1907 318 1956 m'o
344 1912 401 1954 um
424 1911 504 1955 vero
526 1887 720 1977 inter-polita
740 1887 950 1977 quaternaria
966 1886 1127 1952 lcnfibilia
1145 1885 1266 1952 mundi
1281 1887 1374 1954 theo·

155 2043 159 2054 „
259 1969 309 2036 ria
341 1975 489 2036 humana
518 1974 609 2036 [exta
638 1971 925 2060 contemplatione
945 1969 1175 2036 introducitur
1194 1968 1372 2036 formatio:

258 2055 314 2118 vel
344 2069 383 2117 ut
403 2053 515 2141 aptiua
537 2055 665 2131 dicam,
697 2077 800 2142 quare
820 2077 892 2120 non
912 2053 951 2118 in
972 2051 1082 2141 primo
1101 2053 1247 2120 introitu
1265 2052 1372 2119 totitta

171 2189 173 2194 .
203 2157 209 2168 ·
260 2152 432 2202 creaturae
454 2151 589 2202 contem
613 2137 751 2204 lationia
772 2141 876 2204 homo
896 2136 1142 2213 introducitur,
1178 2139 1234 2202 led
1256 2139 1374 2202 eadem

259 2219 549 2307 contemplatione
596 2220 685 2287 exiea
714 2221 858 2308 repetita
877 2219 916 2286 in
936 2219 1006 2286 fine
1026 2220 1181 2286 omniurn
1200 2219 1375 2286 inuuere·
1426 2245 1427 2260 ¹

123 2365 127 2384 ,
258 2317 314 2368 tna
334 2303 397 2390 ell3
417 2301 552 2368 videtur
572 2304 665 2370 enim
685 2301 757 2370 non
778 2305 886 2369 solum
907 2326 947 2369 an
975 2303 1059 2370 elica
1074 2302 1228 2380 cilentio,
1249 2325 1371 2369 verum
1426 2325 1427 2336 ¹

260 2383 600 2453 etiam'senfibilium
634 2409 747 2462 retum
777 2390 920 2476 quadam
973 2385 1134 2474 gnitate,
1164 2402 1300 2452 utnon
1323 2389 1372 2454 di·

202 2501 205 2506 ·
247 2490 335 2534 cam
355 2468 635 2560 temporalitate,
663 2473 812 2558 humana
839 2473 1040 2558 praecedere
1068 2469 1268 2536 substitutio.
1322 2474 1374 2538 M.

260 2551 426 2638 Quinimo
460 2551 497 2618 in
518 2557 585 2620 hoc
605 2553 750 2620 maxime
770 2557 937 2622 humanae
959 2551 1114 2618 effantiae
1135 2553 1235 2650 super
1256 2554 1374 2622 omnia

256 2656 344 2786 3¹¹3
364 2637 443 2702 sunt
462 2635 719 2702 manifestiffime
741 2637 888 2728 dignitas
910 2635 1068 2724 aperitur.
1099 2633 1274 2722 Siqurdern
1295 2639 1374 2704 lucc

221 2735 230 2758 ⁸
327 2718 379 2785 ‘ua
408 2723 506 2785 datur
539 2719 687 2806 intelligi
721 2719 759 2786 in
782 2719 939 2788 omnibua
983 2739 1045 2784 uae
1066 2733 1145 2784 ante
1164 2719 1375 2788 constitutio·

256 2823 338 2868 nem
365 2801 517 2868 hominia
536 2819 733 2882 narrantur,
765 2803 874 2891 ipsum
895 2802 947 2866 fui
973 2817 1180 2879 cereatum,
1210 2803 1282 2869 imo
1303 2826 1374 2870 orn·

255 2883 314 2950 nia
342 2883 379 2950 in
408 2885 482 2972 ipso
511 2887 701 2954 constituta.
740 2887 820 2952 Non
855 2884 948 2951 enim
981 2885 1045 2952 alia
1077 2883 1210 2952 ratione
1231 2885 1269 2950 in
1289 2887 1374 2953 lucit

255 2969 423 3033 vocabulo
462 2990 503 3034 an
529 2971 659 3035 elotum
692 2967 886 3035 constitutio
915 2985 1028 3057 aperte
1056 2989 1127 3034 non
1160 2969 1372 3048 describitur,

147 3061 163 3074 ‘
255 3051 385 3138 quippe
406 3071 479 3115 nou
501 2992 631 3118 dicrum
652 3051 697 3116 eli
716 3053 775 3116 fiat
790 3053 944 3150 angelua,
965 3069 1007 3116 ut
1019 3051 1181 3152 faciamus
1200 3055 1370 3155 angelum,

208 3217 227 3321 ·.
255 3131 1372 3316 tretirtlnrc'tlzsl{teneraetenerae

254 3301 591 3448 tammulti
609 3299 1371 3470 iiii,fii¹iit¹⁰iiibiiigititl

255 3467 359 3530 homo
389 3464 558 3552 particepa
585 3465 647 3542 cst;
682 3469 772 3553 quala
800 3487 914 3533 rerum
939 3467 1099 3533 naturalia
1120 3483 1213 3533 recte
1233 3467 1370 3534 intuen-

255 3545 342 3612 tium
371 3569 444 3612 non
477 3547 721 3636 consequenter
749 3549 908 3638 inspiciat
933 3551 1047 3614 omnia
1082 3571 1168 3637 quae
1188 3552 1262 3638 post
1284 3552 1369 3620 lucie

253 3629 530 3698 constitutionem
548 3642 743 3707 uariantur,
765 3635 802 3698 in
818 3633 958 3700 homine
973 3648 1083 3698 creata
1097 3634 1160 3698 elle
1173 3655 1247 3700 non
1260 3635 1369 3702 tolum

254 3715 440 3780 secundum
466 3735 585 3781 eorum
613 3716 865 3804 cognitionem,
902 3739 1021 3782 verum
1049 3715 1150 3781 etiam
1181 3717 1369 3784 secundum

253 3815 307 3862 rea
329 3796 434 3883 ipsa„
455 3796 649 3885 praesertim
672 3801 753 3865 dum
773 3799 1012 3864 incunctanter
1031 3797 1147 3864 videat
1162 3803 1257 3868 huuc
1270 3823 1368 3868 mun·

254 3881 338 3945 dum
365 3880 550 3950 senlibilem
580 3897 719 3968 propter
746 3881 920 3951 homiuem
952 3883 1082 3948 lactum
1108 3881 1226 3961 fuiffe,
1265 3899 1310 3952 ut
1337 3881 1368 3950 ci

251 3964 414 4111 praeesset
433 3978 474 4028 ut
493 3985 552 4028 rex
573 3983 700 4052 reguo,
732 3981 774 4030 ut
794 3966 953 4034 dominata
975 3965 1112 4042 domui,
1133 3981 1241 4053 utque
1262 3988 1305 4034 eo
1325 3967 1367 4033 ad

186 4067 190 4082 ·
228 4051 233 4082 ¹
265 4048 389 4112 audem
416 4045 575 4112 creatoris
599 4063 769 4129 meretum
800 4048 904 4114 nullia
938 4053 1010 4130 eiua
1029 4048 1181 4138 partibua
1202 4049 1364 4124 subditae,

253 4129 308 4196 led
329 4127 427 4216 supra
448 4151 544 4208 eum,
570 4128 607 4196 in
629 4133 725 4197 nullo
746 4134 819 4214 ejut
840 4129 1018 4222 indigena,
1040 4133 1111 4200 solo
1129 4131 1300 4222 tegimine
1315 4133 1363 4200 iu·
