2854 4978
147 3257 150 3262 A
254 3191 287 3254 la
309 3204 436 3266 creata,
461 3193 569 3280 deque
591 3193 660 3260 solo
683 3198 747 3260 deo
771 3195 961 3271 intellectu
984 3198 1151 3262 secundun
1171 3217 1253 3262 vero
1276 3199 1319 3262 de
1337 3219 1379 3262 ea

272 249 351 322 its
592 245 648 320 De
670 249 850 318 mantne
871 246 1043 316 natine.

273 433 463 530 putationis
491 431 663 500 neceffitaa
696 433 851 524 exigebat
881 431 1119 522 quaerente
1150 425 1386 504 incidentibus

200 537 210 548 “
273 519 522 614 quaestionibua
545 517 745 606 principalia
760 517 965 606 quaestionis
986 516 1186 608 revelandae
1244 518 1312 581 atla
1334 518 1385 582 iii-

273 611 461 674 troducere.
501 603 603 676 Nulla
623 603 647 668 li
671 601 785 668 uidem
805 601 1001 693 principalia
1044 599 1210 664 uaellioe
1253 599 1385 688 i'itopi·

272 713 354 769 tior,
377 711 462 779 quae
482 695 554 754 no'n
574 626 767 752 inciientee
791 687 997 774 quaestiones
1019 623 1099 749 iuni
1117 683 1276 771 diligenti
1287 701 1388 750 inm·
1409 714 1413 722 ·

272 776 314 842 tie
336 772 498 845 contuitu
517 771 635 838 investi
661 787 735 836 atur
755 771 914 858 recipiat3
937 769 1075 835 enodari
1097 767 1188 834 enim
1212 768 1309 832 aliter
1322 768 1384 832 iiri·

296 857 423 925 offibile
453 854 515 932 est,
546 875 626 946 prae
642 855 739 924 ertim
769 877 847 920 cum
872 853 1090 920 necellarium
1121 867 1156 917 et
1184 850 1388 916 inevitabila

270 884 376 1019 ieret,
400 943 481 1007 duni
500 941 542 1006 de
562 938 741 1030 principiis
761 961 872 1004 reruni
896 939 1158 1026 diuputabninue,
1178 937 1246 1002 hoc
1267 935 1322 1012 est,
1343 937 1389 1000 de

177 1040 182 1054 “
244 1031 255 1040 ’
293 1024 544 1092 rimordialibua
576 1024 697 1099 causis,
731 1023 773 1088 de
803 1043 874 1087 uno
897 1023 997 1087 etiam
1020 1019 1174 1086 omnium
1196 1018 1384 1107 principio,

269 1050 343 1174 ileo
366 1106 547 1184 videlicet,
603 1107 640 1171 ui
661 1108 749 1172 solue
776 1107 819 1170 est
841 1106 907 1170 sola
930 1128 968 1171 ac
989 1104 1105 1192 prima·
1120 1103 1291 1169 ennianum
1315 1125 1387 1168 om·

269 1193 366 1259 nium
386 1192 503 1270 caula,
527 1203 562 1256 et
581 1129 818 1290 inpercaul'alia
840 1191 955 1264 caula,
979 1205 1013 1253 et
1030 1187 1309 1288 superessentialia
1322 1191 1387 1251 bo·

267 1275 375 1350 nitar,
415 1281 512 1356 cuju·
544 1272 804 1362 participatione
833 1273 947 1338 omnia
999 1272 1163 1361 iincipia‚
1200 1287 1235 1338 et
1263 1291 1388 1336 omne·

267 1362 384 1426 caulae
405 1359 561 1425 oninium
580 1379 691 1423 rerum
713 1357 906 1433 subsistiint;
928 1356 999 1456 ipe
1019 1377 1100 1423 vero
1124 1357 1258 1420 nullum
1279 1354 1387 1442 parti·

266 1443 377 1531 cipat,
409 1442 489 1529 quia
522 1442 618 1507 omni
645 1441 816 1529 principio
847 1439 1012 1527 superiori
1039 1440 1072 1504 se
1102 1441 1157 1503 vel
1179 1439 1292 1506 secum
1315 1437 1387 1504 exi·

265 1525 362 1592 ilenti
391 1548 463 1591 non
493 1541 606 1591 tamen
636 1523 841 1590 coellentiali
870 1525 929 1590 fibi
961 1523 1103 1590 omnino
1138 1539 1244 1597 caret,
1287 1525 1387 1610 quod

266 1609 380 1674 animo
403 1613 601 1675 occurrebat
620 1607 757 1674 inferri:
780 1607 855 1696 quie
878 1608 970 1672 enim
993 1611 1035 1676 tle
1056 1607 1175 1672 creatis
1197 1606 1387 1672 cauliarec·

265 1709 299 1758 te
348 1691 541 1768 uidelicet,
574 1691 637 1757 nisi
656 1691 751 1780 priua
772 1692 910 1756 unicam
932 1691 1086 1757 omniurn
1108 1691 1241 1756 causam
1264 1712 1327 1778 per
1352 1691 1387 1754 le

264 1776 323 1840 rub
376 1793 489 1842 entem
521 1791 555 1840 et
585 1793 604 1839 a
629 1778 722 1841 nulla
743 1775 961 1863 praecedenti
982 1775 1016 1838 se
1037 1790 1180 1840 creatam
1228 1795 1288 1839 ure
1309 1797 1389 1862 per-

265 1859 409 1946 spiciat?
439 1861 476 1923 in
506 1875 671 1958 quantum
702 1863 743 1925 de
770 1857 937 1924 ineffabili
968 1861 1066 1923 datur
1087 1858 1166 1936 fari,
1198 1795 1308 1946 <itque
1328 1857 1388 1923 iii·

264 1943 557 2029 comprehensibili
586 1943 848 2032 comprehendi,
880 1945 922 2007 de
952 1942 1144 2030 superante·
1162 1961 1299 2008 omnem
1330 1941 1387 2006 iii·

262 2027 436 2092 tellectum
466 2024 623 2114 intelligi.
668 2029 756 2094 Cum
784 2027 837 2091 hie
868 2025 969 2090 etiam
998 2029 1161 2113 quaedam
1193 2029 1234 2090 (le
1265 2025 1387 2092 reditu

261 2129 374 2174 rerum
400 2109 617 2175 mutabilium
644 2125 745 2198 atque
767 2111 1011 2198 segregatarum
1030 2131 1091 2197 per
1115 2109 1259 2175 diversae
1279 2126 1385 2175 natu·

258 2213 317 2255 rae
338 2191 517 2260 divisiones
540 2209 574 2258 et
595 2209 705 2280 partee
728 2194 850 2281 quibua
871 2193 929 2258 ille
950 2196 1100 2258 mundun
1120 2191 1296 2280 perficitur
1319 2193 1386 2261 ite-

260 2297 337 2340 rum
368 2275 404 2340 iii
462 2275 547 2342 rinci
575 2276 606 2340 ia
634 2278 691 2341 sua
723 2299 762 2341 eit
785 2275 907 2364 quibua
929 2275 1103 2364 procedit,
1138 2276 1228 2341 etin
1253 2276 1384 2365 quibua

259 2300 517 2424 immutabiiiter
539 2301 686 2437 iibfittit
710 2364 791 2425 dum
813 2361 891 2425 finit
904 2361 1058 2425 omnium
1071 2360 1222 2436 venerit,
1245 2381 1383 2426 eorum·

260 2461 326 2528 que
370 2465 433 2507 uae
453 2443 491 2508 in
512 2459 610 2509 motu
633 2446 711 2508 sunt
732 2445 832 2508 statue
854 2444 1064 2532 apparuerit,
1088 2467 1271 2533 perquem
1288 2443 1382 2510 nihil

258 2545 359 2590 move
384 2525 466 2602 itur,
491 2529 640 2592 breviter
659 2527 912 2616 perlibavimua.
956 2528 1018 2594 ilie
1040 2527 1155 2616 itaque
1177 2525 1320 2614 aliiaque
1339 2544 1384 2592 ut

259 2607 405 2674 diximus
427 2611 567 2676 secundi
583 2611 743 2676 fermonia
759 2615 842 2679 ordo
862 2611 1006 2688 texitur,
1030 2611 1154 2678 deinde
1169 2613 1384 2701 consequen·

258 2688 305 2756 tia
334 2691 566 2781 quaestionum
593 2695 631 2758 ni
659 2696 757 2760 fallor
790 2694 903 2782 exigit.
946 2695 1105 2760 Tertium
1134 2696 1278 2772 librum,
1309 2697 1381 2763 cleo

257 2775 363 2852 duce,
398 2779 441 2842 de
472 2776 571 2842 tertia
600 2777 797 2843 universalia
828 2797 968 2844 naturae
990 2779 1275 2856 consideratione,
1308 2782 1382 2846 boc

257 2857 320 2934 est,
345 2864 389 2926 de
410 2881 449 2923 ea
469 2876 564 2948 parte
588 2878 759 2927 creaturae
780 2884 867 2948 quae
881 2879 1012 2928 creatur
1025 2880 1141 2929 etnon
1155 2879 1255 2940 creat,
1279 2864 1381 2950 quic·

278 2941 340 3005 uid
369 2941 469 3007 nobie
490 2943 528 3007 in
549 2961 699 3010 mentem
720 2947 778 3009 lux
800 2965 935 3012 aeterna
956 2947 1174 3046 patefecerit,
1203 2946 1284 3010 texi.
1329 2951 1378 3012 D.
1423 2999 1424 3028 3

290 3045 334 3089 oii
368 3025 465 3090 aliter
493 3025 545 3092 dia
571 3028 690 3094 utandi
717 3028 807 3093 viam
835 3029 969 3116 ingredi
999 3045 1134 3116 oportet
1154 3047 1194 3095 ut
1216 3028 1379 3108 aestiuum
1423 3029 1424 3033 ’

254 3128 334 3170 nam
357 3109 380 3170 l'i
401 3107 529 3194 primur
546 3051 636 3174 iiber
658 3113 699 3176 de
721 3129 988 3177 natura·cuncta
1013 3131 1168 3190 creante,
1203 3130 1237 3178 et
1258 3135 1277 3177 a
1297 3117 1379 3178 nul·
1422 3151 1423 3221 p

255 3291 341 3357 quae
371 3287 405 3336 et
434 3291 587 3351 creatur,
627 3293 661 3342 et
684 3295 796 3352 creat,
830 3279 921 3342 etin
945 3279 1273 3366 primordiiarerum
1295 3301 1380 3368 cog·

253 3352 418 3432 noscitur,
442 3357 635 3425 rationabili
651 3377 771 3426 tractat
782 3361 1026 3450 progreffione=
1048 3383 1143 3428 nunc
1161 3365 1379 3451 consequent
1421 3323 1422 3409 i

255 3435 360 3502 estut
382 3453 416 3504 et
436 3441 556 3507 tertius
579 3446 621 3508 de
643 3445 741 3509 tertia
765 3467 850 3532 quae
872 3462 1003 3510 creatur
1024 3464 1059 3511 et
1083 3469 1153 3514 non
1177 3462 1268 3512 creat
1290 3467 1378 3512 con·
1420 3481 1421 3492 κ

251 3518 436 3590 stitutionis
457 3525 534 3590 suae
554 3527 729 3592 materiam
747 3527 926 3616 suscipiat:
949 3530 1006 3596 red
1020 3529 1216 3620 priusquam
1234 3533 1277 3596 ad
1293 3553 1379 3598 eno·

253 3605 411 3705 dandam·
430 3609 519 3676 lianc
547 3625 687 3675 naturae
716 3629 846 3700 partem
878 3629 1105 3690 transeamus,
1139 3616 1232 3679 noffe
1266 3614 1379 3680 velim

251 3707 318 3787 qua
348 3707 481 3756 ratione
510 3714 583 3763 eain
612 3708 768 3760 naturam
801 3717 886 3783 quae
914 3699 953 3762 ab
988 3696 1142 3764 omniunt
1171 3714 1377 3764 naturarum
1417 3633 1420 3788 i

252 3773 466 3839 universitate
486 3798 548 3876 per
570 3777 803 3845 excellentiam
824 3779 892 3854 lui,
917 3794 1017 3868 atque
1039 3781 1245 3848 infinitatem
1261 3803 1377 3848 remo-
1417 3791 1419 3796 '

251 3870 366 3930 retur,
393 3860 502 3924 ueluti
530 3861 675 3948 primam
700 3865 831 3951 partem
861 3862 962 3950 ipsiue
992 3865 1216 3930 universitatia
1236 3886 1377 3954 ponere

165 4011 169 4019 ¹
250 3936 394 4005 voluisti.
437 3943 638 4010 Universitae
661 3947 825 4034 fiquidem
845 3947 1028 4014 formarum
1049 3951 1183 4014 suarum
1205 3950 1376 4036 partium·

250 4039 316 4106 que
336 4024 488 4090 numeria
509 4025 687 4116 impletur,
711 4051 750 4095 ac
771 4052 832 4118 per
853 4033 920 4095 hoc
941 4029 977 4094 in
1000 4033 1176 4098 infinitum
1198 4055 1269 4099 iion
1291 4055 1374 4113 pro·

249 4103 422 4191 grerlitur,
455 4108 521 4174 luia
545 4111 636 4178 enim
657 4111 783 4178 finibus
805 4113 932 4179 sursum
952 4116 1066 4182 versut
1090 4133 1189 4206 atque
1212 4117 1376 4182 deorsum

250 4188 466 4266 terminatum
491 4196 530 4258 ab
552 4195 777 4262 intellectuali
796 4196 960 4286 liquidem
981 4216 1133 4266 creatura
1151 4199 1292 4286 quaein
1310 4221 1375 4266 ari·
