2930 4982
494 167 856 271 manen
1108 171 1189 244 aar

86 353 161 444 qnia
180 351 350 434 instabat·-
366 367 402 430 ‚et
418 351 596 432 mutabilia
616 353 710 429 snut,
729 351 910 440 unamque
939 355 1191 424 annemundus

86 439 137 508 nia
164 439 241 509 suae
268 437 305 504 in
334 437 455 504 meliua
477 453 672 526 expectant,
709 437 801 510 etin
824 436 1076 522 comparatione
1097 440 1193 516 stabi·

86 524 166 590 lium
189 512 521 607 immutabiliumque
540 523 672 588 nullum
691 519 981 588 transmutationis
994 521 1072 587 suae
1086 524 1190 592 finam

52 608 120 674 -in
153 604 273 672 melina
302 605 551 692 expectantium
579 604 685 670 veluti
718 603 966 678 contemtibilia
987 604 1193 694 penitusque

86 690 568 778 deserendaetposlponenda
589 687 799 769 judicantur(
824 689 999 757 Secundae
1022 712 1105 755 raro
1122 697 1218 756 mo·x
1252 753 1254 756 .

80 779 147 842 ¹dun
167 797 238 840 non
260 773 297 838 in
319 795 430 841 rerum
452 772 666 844 mutabilium
689 772 971 844 trauasusronibaa
987 772 1077 841 intra
1095 789 1192 842 natur

84 880 152 922 ram
173 858 340 933 uersatur,
358 859 419 930 ,sed
442 857 478 928 in
500 857 713 943 propriarum
734 857 950 920 voluntatum
968 857 1190 942 perturbatio

85 940 184 1006 nibua
207 961 293 1028 qnae
315 957 405 1004 extra
427 957 579 1006 naturam
602 941 696 1015 sunta
728 962 832 1026 quum
855 961 940 1024 quae
961 962 1001 1006 ex
1022 945 1096 1006 Deo
1120 951 1192 1007 non

85 1024 272 1098 subsiliunt,
297 1024 530 1122 corruptiones
552 1045 737 1110 quaerere
761 1021 924 1090 dicendae
939 1023 1034 1098 sunt,
1056 1046 1193 1112 pervar-

86 1108 138 1173 sae
156 1107 344 1180 voluntatia
364 1105 662 1173 vrnarccnliderat.
690 1106 839 1172 Proinde
860 1110 961 1185 bujua
982 1108 1103 1188 mundi
1122 1131 1194 1176 cor·
1247 1117 1250 1122 “

83 1211 165 1278 pora
196 1214 269 1256 uon
296 1190 489 1279 corrumpi,
525 1191 582 1257 sed
608 1189 646 1255 in
668 1190 771 1274 seipsa
793 1190 936 1258 naturali
959 1208 1056 1258 motu
1066 1213 1118 1258 ‘ac
1138 1215 1193 1258 va·

83 1274 201 1338 rietate
231 1274 422 1346 transfundi
456 1262 669 1340 existimanda
697 1274 866 1348 santiae
896 1295 956 1355 per
985 1277 1051 1342 hoc
1081 1299 1194 1362 traque

84 1357 209 1446 puniri.
252 1359 427 1424 Naturales
449 1357 609 1447 siquidem
630 1355 793 1444 paffionea
818 1373 1005 1442 poenarum
1027 1362 1195 1426 vocabulo
1240 1357 1249 1370 '

34 1439 40 1454 “
83 1447 175 1523 juxta
207 1440 449 1527 proprietatem
484 1463 594 1506 rerum
617 1442 712 1507 nullo
734 1441 1077 1588 modoappeilandae
1099 1445 1194 1510 sunta
1252 1471 1262 1490 ι’

84 1541 119 1589 et
138 1526 160 1588 li
180 1524 257 1610 quia
279 1524 401 1591 dixerit
426 1519 821 1609 senfibilium'corpor'um
841 1547 880 1588 tn
910 1522 1075 1613 emetipfia
1091 1543 1195 1593 naua·

83 1609 227 1685 iusuper
248 1630 309 1693 per
330 1609 582 1694 generationem
601 1623 635 1672 et
650 1606 851 1678 solutionem
864 1623 1004 1706 propter
1017 1626 1196 1694 peccatum
1245 1669 1251 1680 .

83 1695 411 1762 humanaenaturae
434 1691 522 1760 lieri.
548 1712 587 1756 ac
608 1713 668 1777 per
688 1693 755 1756 hoc
775 1707 938 1756 veraciter
959 1693 1196 1779 corruptiones

82 1776 173 1862 polle
204 1775 338 1852 vocari3
370 1774 484 1842 videat
507 1775 610 1840 totius
631 1774 769 1838 visibilia
791 1791 962 1848 creaturae
984 1778 1137 1842 ordinem
1161 1793 1195 1841 et

83 1858 348 1946 pulcritudinem
370 1881 441 1923 non
464 1857 526 1923 nisr
546 1857 583 1922 in
601 1855 889 1922 vvicissitudinibus
909 1880 1021 1926 rerum
1043 1849 1104 1947 per
1118 1863 1195 1926 loca
1249 1863 1261 1887 ¹

82 1957 292 2088 etitempora
322 1941 489 2018 constare;
525 1941 667 2028 illasque
689 1939 933 2008 vicillitudinea
955 1965 993 2009 ac
1016 1943 1195 2008 varietates

83 2047 154 2090 non
195 2025 333 2091 aiunde
364 2025 425 2090 nisi
455 2023 573 2090 divina
599 2024 815 2111 providentia
846 2039 881 2088 et
909 2027 1198 2092 administratione
1255 2065 1264 2086 .

42 2125 44 2130 ’
82 2109 195 2176 causae
218 2112 365 2182 ducere,
391 2126 425 2173 et
448 2113 524 2196 plna
547 2112 590 2174 ad
610 2112 777 2173 humanae
798 2125 939 2174 naturae
956 2111 1195 2186 eruditionem,

84 2209 119 2258 er
148 2195 189 2258 ad
222 2210 407 2258 creatorem
431 2191 799 2260 surrmrevocaticnem
821 2191 926 2257 sactae
947 2193 1064 2270 suilla,v
1095 2216 1196 2281 quam

87 2279 131 2340 ad
162 2275 293 2374 peccati
325 2275 505 2340 ultionem.
548 2279 599 2340 Eo
620 2275 712 2338 enim
733 2278 836 2343 modo
859 2274 1198 2360 spiritualiemediei·
1294 2354 1297 2360 ¹

81 2381 147 2426 nae
166 2381 350 2446 imaginem
372 2359 463 2422 suam
488 2351 582 2423 De'ua
603 2357 715 2422 voluit
736 2375 770 2422 et
789 2357 828 2424 in
850 2359 988 2445 seipsam
1005 2377 1039 2424 et
1053 2364 1095 2426 ad
1112 2361 1199 2448 scip-.-

81 2445 149 2508 sam
179 2459 358 2517 revocare,
394 2458 434 2506 ut
462 2464 574 2514 rerum
603 2441 818 2506 mutabilium
848 2442 960 2508 taedio
989 2441 1128 2531 fatigata
1162 2458 1197 2510 ct

84 2525 283 2601 exercitata,
307 2524 570 2592 immutabilium
595 2541 876 2610 aeternorumque
890 2525 1100 2592 stabilitatem
1117 2548 1196 2592 con·

83 2610 239 2696 templati
271 2611 485 2684 desiderarem
512 2612 735 2693 ardenterque
762 2629 918 2674 verorum
940 2608 1200 2676 incommutabi-

80 2695 130 2760 lea
159 2692 286 2779 species
317 2709 508 2780 appeteret,
542 2693 579 2761 in
611 2713 751 2790 quarum
781 2695 908 2778 abaque
937 2695 1004 2758 ulla
1033 2693 1196 2758 varietate

11 2781 12 2784 ’
108 2776 316 2843 ulcritudiue
344 2777 542 2863 quieaceret.
586 2779 678 2840 Hanc
707 2775 889 2841 conficitur
921 2780 1012 2876 quod
1036 2777 1137 2842 etiam
1159 2776 1197 2842 in

80 2803 312 2946 iuperioribua
347 2859 547 2947 praesentia,
569 2859 808 2945 disputationis
845 2861 1000 2958 plurrmia
1033 2859 1119 2925 locis
1152 2860 1203 2925 ett

81 2946 280 3017 conclusum
304 2960 405 3030 atque
428 2941 630 3020 definitam,
659 2945 787 3009 nullam
811 2945 908 3008 altam
932 2947 1041 3010 sedem
1064 2965 1199 3038 corrpp·

82 3027 237 3092 tionibus
266 3028 455 3113 poenisque
481 3028 571 3112 posse
598 3025 739 3111 reperiri
789 3044 896 3091 raeter
924 3027 1134 3100 rationabilia
1162 3041 1199 3092 et

82 3108 323 3177 intellectualia
346 3125 516 3176 creaturae
538 3110 713 3197 perversor
735 3052 940 3196 illicitosque
961 3111 1116 3199 propriae
1139 3131 1198 3178 vo·

81 3193 224 3266 luntatia
255 3210 387 3268 motua,
419 3193 477 3280 qui
499 3215 565 3258 nec
587 3216 627 3258 ex
645 3197 739 3278 Deo,
769 3216 833 3259 nec
857 3217 895 3258 ex
916 3214 1036 3261 natura
1057 3193 1196 3260 condita

82 3279 275 3362 occafiopea
301 3276 496 3362 accipiunt;
529 3277 714 3343 incausales
737 3278 828 3342 enim
851 3278 948 3353 sunt,
970 3301 1048 3344 cum
1070 3301 1131 3365 per
1150 3279 1198 3342 se·

82 3359 176 3447 ipsca
200 3363 281 3429 dum
304 3377 530 3448 quaeruntur,
561 3360 647 3426 nihil
671 3359 761 3429 aliud
783 3361 818 3424 in
842 3361 890 3426 eie
912 3361 1085 3428 invenitur
1107 3383 1200 3448 prae·

79 3457 133 3510 ter
167 3442 281 3520 licitae
310 3461 344 3508 et
374 3443 536 3508 naturalia
564 3443 997 3530 voluntariaprivarionem
1021 3459 1122 3593 lilim
1144 3448 1200 3509 de·

80 3526 223 3592 sectum.
266 3529 314 3592 M.
335 3527 447 3594 Omne
469 3527 584 3614 itaque
605 3530 698 3614 quod
721 3527 891 3614 corrumpi
908 3550 983 3615 pon
1004 3552 1026 3615 p
1076 3551 1114 3603 e,
1136 3549 1198 3613 pu·

79 3608 150 3676 niri
172 3612 263 3696 polle
283 3613 371 3677 ratio
393 3633 465 3676 non
487 3611 583 3692 finita
606 3632 708 3678 omne
730 3627 843 3676 autem
864 3615 955 3698 quod
977 3634 1017 3677 ex
1039 3632 1107 3676 una
1129 3631 1200 3676 om·

78 3692 301 3760 nium‘causa
320 3681 449 3774 saetosa
474 3694 535 3771 cll,
559 3715 687 3781 poenae
731 3695 776 3759 ati
796 3694 1063 3780 impoffibileest.
1090 3695 1199 3778 Porro

77 3777 105 3844 li
134 3775 321 3864 impiorum
354 3776 517 3866 supplicia
540 3779 693 3846 suturae
720 3801 738 3844 e
761 3778 877 3845 divina
900 3779 1035 3846 tellarur
1054 3777 1199 3844 auctori·

77 3875 155 3934 tae,
188 3883 274 3948 quae
301 3861 397 3929 nullo
432 3864 535 3932 modo
567 3861 654 3926 sallit
673 3863 728 3927 vel
750 3861 899 3950 sallitur3
929 3861 1079 3948 sequitur
1100 3876 1140 3948 ut
1159 3861 1198 3928 in

78 3944 200 4033 aliquo
223 3948 315 4034 quod
336 3967 375 4012 ex
396 3949 470 4014 Deo
492 3946 620 4016 iactum
645 3945 706 4022 esi,
728 3943 807 4012 ideo
829 3967 899 4020 non
922 3947 1056 4012 abusive
1072 3943 1197 4024 dicitur

1256 289 1259 296 ’
1302 301 1312 332 t

75 4027 163 4103 else,
188 4043 223 4093 et
242 4029 462 4114 probabiliter
483 4025 702 4096 concluditur
721 4026 939 4117 impassibile,
961 4025 1197 4116 corruptione·
1294 4069 1297 4076 ·

75 4131 282 4202 poenaeque
309 4128 411 4201 atque
438 4112 603 4203 supplicia
630 4110 831 4200 constituam
848 4127 901 4184 ‚et
932 4115 975 4180 ad
1006 4110 1045 4179 id
1066 4115 1108 4180 de
1129 4130 1198 4200 quo
