2854 4978
143 2123 151 2130 '
287 2131 331 2181 oa
355 2127 389 2177 et
410 2113 552 2198 pulchra
572 2111 653 2178 fintt

287 247 366 325 Μ
618 249 875 416 pavulam
895 249 1066 324 Nouerca.

286 437 362 508 tau
391 455 454 526 per
480 429 668 524 rupertum
693 435 829 508 ordiner
849 433 1068 504 inferioribua
1089 431 1292 512 dilln'butiot
1320 437 1381 538 pri·

286 540 383 588 auum
403 520 564 610 liquidem
587 521 697 610 primo
719 521 832 588 ordini
853 520 1047 588 immediate
1063 543 1081 585 a
1095 520 1225 592 tommo
1243 539 1380 586 omniun

287 605 398 678 bono.
430 619 466 670 at
487 608 603 681 datur,
635 622 671 672 et
691 610 855 684 donatur;
885 604 981 690 ,verbi
997 603 1126 694 gratia,
1148 619 1184 669 ot
1201 605 1299 668 datur
1317 603 1380 680 elie,

288 703 325 754 et
340 691 502 754 'donatur
521 691 609 754 bene
630 691 709 757 ellet
740 689 811 778 ip‘le
831 711 914 755 vero
934 688 1063 778 primur
1085 688 1208 754 ordoi
1245 687 1336 752 uenti
1353 687 1382 752 le

289 771 457 838 attribute
485 773 550 837 else
575 788 610 838 et
629 777 717 840 bene
740 775 820 850 elle3
854 795 894 840 ao
914 774 958 840 fic
980 771 1167 839 distributio
1233 769 1325 852 endi,
1352 781 1382 836 et

286 857 376 922 urae
405 856 548 934 aliendi,
581 877 613 920 a·
630 858 759 923 summo
790 857 944 923 omniurn
976 860 1132 922 datorum
1154 857 1321 920 bonorum
1337 851 1382 918 vel

288 939 514 1005 donationum
544 941 640 1007 fonte
711 940 837 1042 adatim
865 955 926 1090 ppt
954 937 1142 1029 superiniea
1164 939 1201 1004 in
1223 937 1383 1035 inferiorgr

286 1027 460 1172 attat
481 1039 647 1198 tatto:
668 1028 831 1198 „atta
844 1023 1384 1196 tntttttttttrtt

287 1205 347 1254 tur
364 1191 446 1266 effe,
479 1191 640 1294 quoniam
664 1217 682 1259 a
705 1196 947 1259 summobono
970 1192 1180 1266 factasunt,
1215 1205 1250 1255 et
1268 1187 1304 1252 in
1323 1203 1384 1250 tan·

287 1287 361 1338 tum
383 1275 461 1340 [unt
479 1295 517 1340 ru
539 1294 705 1363 quantum
727 1275 950 1366 participant,
971 1277 1209 1353 bonar‘altero
1230 1294 1309 1338 vero
1327 1291 1383 1357 quo

286 1358 404 1508 ἓξιὲιιιιίιι
424 1379 510 1507 quie
531 1362 730 1442 naturaliter
750 1360 1040 1509 bpnabfublistunts
1063 1357 1233 1424 virtutum
1244 1353 1385 1505 giubettino·

400 1489 410 1519 a
1325 1461 1342 1501 ¹
1375 1469 1385 1486 ⁸

287 1462 624 1615 nanturtuquiiurilii
643 1461 977 1594 eiriiirnlriixinliliii
989 1463 1385 1614 inbcibiliffiiuonui

241 1668 246 1688 ,
288 1625 324 1677 et
350 1610 573 1678 intellectuali
595 1627 783 1690 creaturae,
821 1615 911 1678 dana
933 1609 1058 1698 gratiae
1079 1630 1167 1698 quae
1188 1605 1323 1673 virtutia
1339 1625 1387 1668 vo

287 1696 409 1762 cabulo
436 1696 546 1762 solent
566 1695 762 1784 fignificari,
796 1693 1051 1770 distribuantur,
1089 1694 1186 1758 nulla
1207 1707 1318 1756 tamen
1340 1707 1387 1752 aa·

286 1792 437 1844 curarum
459 1778 560 1844 etiarn
582 1787 804 1844 extremarum
827 1780 1011 1844 iocundum
1032 1780 1125 1843 luam
1142 1773 1386 1864 proportionem

288 1859 426 1926 divinae
453 1863 579 1950 gratiae
606 1862 879 1950 participationis
900 1875 1017 1950 expers
1039 1862 1101 1926 ello
1124 1859 1315 1925 arbitranda
1334 1855 1385 1928 elit

287 1957 328 2009 ut
353 1943 445 2010 enim
460 1944 582 2010 'omnia
600 1947 722 2034 pattici
749 1963 807 2012 ant
827 1945 1038 2018 bonitatem.
1071 1944 1119 2009 ita
1140 1941 1343 2030 participant
1360 1949 1388 2000 et

286 2027 450 2116 gratiamt
471 2027 662 2094 bonitatem
682 2034 819 2178 wem
841 2045 881 2094 ut
904 2031 985 2128 sunt,
1015 2028 1158 2117 gratiam
1180 2047 1263 2092 vero
1283 2039 1321 2088 ut
1338 2025 1387 2120 bo·

744 2114 835 2179 iliter
856 2117 897 2179 de
919 2129 1007 2187 arta,
1037 2115 1079 2177 de
1103 2113 1219 2186 sensu,
1243 2113 1284 2174 de
1303 2121 1388 2172 ratro·

285 2215 349 2270 tte.
383 2199 424 2260 de
446 2193 628 2282 sapientia,
660 2198 866 2284 caeter-ioque
888 2195 1014 2261 divinia
1037 2194 1257 2269 dationibus,
1290 2207 1322 2256 ct
1342 2191 1389 2253 do

285 2277 483 2345 arationibua
506 2279 760 2368 accipiendum,
790 2283 910 2368 eodem
935 2280 1026 2344 enim
1048 2283 1153 2344 modo
1175 2301 1239 2367 per
1258 2271 1388 2361 superio

196 2379 198 2386 ’
286 2379 322 2427 ra
357 2360 575 2429 inferioribua
612 2363 872 2439 distribuuntur,
915 2361 952 2426 in
982 2379 1148 2449 quantum
1182 2357 1386 2510 perveniunt.

285 2447 364 2514 tlon
386 2446 479 2517 enim
501 2466 618 2512 omnee
639 2447 796 2513 dationea
817 2466 925 2533 utque
947 2450 989 2510 ad
1010 2462 1159 2511 extrema
1208 2445 1388 2510 escendunt

286 2533 356 2596 effe·
382 2530 544 2618 fiquidem
579 2545 613 2594 et
644 2528 732 2595 bene
761 2532 823 2594 ess'e
845 2532 1029 2595 secundum
1052 2545 1213 2594 naturam
1234 2547 1339 2614 utque
1356 2519 1390 2584 td

286 2626 471 2680 ex'tremurn
493 2613 719 2679 univerfitatia
742 2615 900 2679 conditae
918 2611 1146 2688 distribuitur,
1169 2613 1245 2677 vita
1257 2630 1333 2674 vero
1348 2625 1390 2668 ex·

236 2708 241 2718 “
285 2709 429 2764 tremum
462 2697 617 2763 ordinem
646 2718 718 2761 non
750 2695 905 2782 attingitt
942 2715 1014 2760 non
1047 2695 1140 2762 enirn
1172 2715 1313 2783 corpora
1340 2707 1389 2775 ptr

285 2781 388 2869 ieipl'a
412 2779 553 2859 vivunt,
576 2781 629 2843 vel
652 2778 723 2844 vita
745 2779 840 2854 sunt,
867 2777 924 2844 sed
945 2799 1006 2867 per
1026 2779 1239 2878 superiorem
1262 2779 1295 2842 le
1316 2767 1389 2868 ordi·

284 2884 363 2930 nem
384 2864 501 2930 virere
519 2861 710 2950 recipiuntt
733 2863 792 2951 qui
814 2865 898 2929 ordo
917 2861 954 2927 in
975 2861 1146 2927 nutritiva
1170 2879 1206 2928 et
1230 2860 1337 2928 activa
1348 2875 1388 2916 n·

284 2963 318 3013 ta
347 2947 548 3014 constitutur
579 2947 641 3022 etl,
671 2947 776 3034 inquo
806 2945 989 3012 seminibua
1013 2945 1127 3032 uiget.
1176 2945 1273 3034 Quid
1294 2942 1389 3009 dicato

285 3033 326 3098 de
348 3032 462 3107 sensu,
485 3046 520 3095 ct
540 3029 690 3106 ratione,
713 3046 748 3096 et
759 3029 961 3098 intellectui
984 3031 1115 3115 Nempe
1132 3029 1389 3113 omniboapattt

284 3113 363 3202 quia
395 3112 507 3179 seniua
534 3135 642 3199 utque
664 3116 707 3178 ad
727 3111 969 3181 irrationabilia
992 3113 1170 3200 descendit
1191 3106 1387 3178 animantia:

282 3197 370 3263 ratio
403 3213 437 3261 et
464 3194 659 3260 intellectus
685 3197 899 3262 rationabilia
928 3213 964 3261 et
984 3196 1236 3263 intellectualia
1257 3215 1326 3260 nou
1346 3211 1389 3252 ct·

284 3282 422 3344 cedunt.
465 3282 556 3344 inter
589 3279 744 3345 dationea
774 3297 885 3345 autem
916 3295 951 3345 et
980 3278 1186 3346 donationea
1211 3278 1287 3345 talia
1309 3271 1389 3340 dide·

283 3361 392 3428 tentia
422 3361 482 3430 att:
520 3361 850 3450 Dationea·quidem
873 3365 968 3438 sunt,
1003 3375 1037 3427 et
1058 3363 1229 3429 dicuntur
1247 3354 1391 3458 propriae

285 3445 534 3512 distributione·
587 3445 687 3514 uibua
718 3447 828 3512 omnia
850 3463 969 3512 natura
992 3445 1140 3512 sobfillit.
1187 3452 1390 3512 nonanonea

283 3550 364 3595 vero
386 3529 511 3618 gratiae
534 3527 566 3594 eli
611 3529 782 3595 ibutionea
805 3529 927 3618 quibua
949 3528 1059 3595 omnia
1083 3546 1210 3596 natura
1231 3517 1391 3594 subsistent

282 3628 441 3692 matura
470 3612 585 3702 itaque
607 3629 726 3679 natura
749 3616 866 3690 datur,
896 3613 1002 3702 gratia
1025 3615 1193 3690 donator,
1218 3613 1303 3680 binc
1323 3626 1390 3673 eou-

281 3697 397 3764 fi'ci'tur
420 3714 556 3764 omnem
577 3697 748 3764 offendam
771 3701 903 3774 datum,
927 3713 1064 3762 ornnem
1084 3695 1256 3764 virtutem
1274 3697 1390 3762 donum

155 3791 157 3796 ’
280 3779 420 3882 proprie
439 3780 564 3848 vocari.
606 3781 699 3848 ilinc
719 3782 890 3870 theologia
913 3779 1014 3859 dicit,
1049 3783 1155 3850 omne
1176 3783 1299 3848 aum
1318 3773 1394 3860 npti-

282 3877 432 4032 2νῖἆέθί
444 3866 683 4020 mazona}
700 3859 886 3958 perfectum
907 3859 1092 3958 desursum
1111 3865 1178 3959 est,
1202 3861 1392 3960 dffeeoalm

280 4049 344 4122 pro
376 4035 486 4110 dono,
519 4022 708 4103 cadonum
736 4053 799 4122 pro
820 4037 900 4100 dato
922 4031 1006 4097 folet
1053 4053 1168 4099 onere.
1215 4031 1391 4100 Sciendum

280 4135 417 4208 quoque
443 4117 607 4219 rirtptetu
633 4115 813 4206 tripliciter
834 4114 1010 4205 intelligen
1038 4135 1111 4193 arua
1149 4117 1198 4182 eli
1218 4114 1314 4184 enim
1335 4107 1391 4204 vir:

281 4213 339 4268 tua
370 4201 609 4282 substantialia,
647 4221 751 4278 orune
784 4221 931 4294 namque
960 4203 1054 4290 quod
1077 4200 1225 4268 sutton
1252 4192 1389 4270 uaturult

684 3971 767 4038 repe
787 3967 898 4016 tamen
925 3951 1013 4015 lacra
1034 3949 1202 4037 [criptura
1229 3967 1266 4016 et
1287 3951 1391 4016 datum
