2856 4978
485 251 594 328 atter
614 255 780 344 ouum
1099 253 1183 326 aaa

68 453 175 524 toque
196 434 594 511 deddent,·lrmuortalia
614 461 653 506 ac
671 459 777 526 purae
797 439 994 538 semperque
1007 437 1181 504 existentia

64 536 207 586 natum
238 518 283 584 dt
308 517 448 607 imago?
482 524 549 588 Sed
579 527 767 596 veram.de
797 527 865 588 hoc
884 537 1049 588 rationem
1073 523 1179 588 lolam

64 601 204 670 noverit
266 618 340 668 erte
359 625 444 690 quae
464 627 543 673 vere
567 606 611 670 est
630 606 763 672 veritat.
818 608 889 672 Noa
909 627 991 671 vero
1013 621 1180 691 quantum

64 685 218 772 oapimua
261 687 534 772 peculationibua
589 689 767 756 uibuadam
789 705 825 756 et
845 687 1065 788 opinionibus
1087 692 1182 775 quod

62 791 185 834 verum
217 769 261 834 est
287 768 544 870 investigantem
564 712 660 838 iaec
683 777 725 838 de
749 772 996 860 quaestronibua
1016 771 1181 857 susceptio
1240 830 1244 845 ,

62 851 231 927 dicimuaa
254 876 278 917 n
322 854 524 920 ue'drviuut
544 855 710 922 mentitur
730 857 857 932 lermo,
889 857 1076 922 secundum
1096 855 1180 920 ima·

59 935 181 1024 giam
208 935 275 1002 Dei
331 935 379 1002 eci
408 937 582 1006 hominem
610 938 747 1004 dicentt
780 949 891 1027 neque
911 939 1098 1004 miseranda
1118 941 1180 1001 hu-

60 1041 188 1084 manae
207 1034 347 1085 naturae
367 1023 526 1088 aerumna
548 1023 753 1088 beatitudini
774 1019 980 1110 impaffibilie
999 1021 1091 1086 vitae
1107 1019 1179 1086 affi-

59 1102 213 1168 milatur.
255 1102 392 1169 Necelle
423 1105 515 1170 enim
546 1107 591 1170 est
619 1129 637 1170 e
667 1109 799 1171 duobue
829 1109 971 1170 alterum
991 1103 1099 1170 fateri.
1142 1104 1180 1168 Si

84 1185 143 1250 uia
173 1203 345 1272 comparat
372 1191 448 1253 Deo
477 1193 571 1288 quod
601 1191 748 1254 nostrum
772 1189 833 1267 est,
867 1205 927 1254 aut
945 1187 1096 1276 paffibile
1116 1188 1180 1252 effa

60 1209 1180 1422 lretituiunctulum:
1233 1344 1243 1354 »

62 1457 135 1534 pue
157 1433 313 1500 divinum
333 1378 634 1535 paffibiteiqneque
648 1381 796 1506 npostrum
811 1401 904 1505 extri
919 1437 1101 1526 paffion'em
1118 1438 1178 1502 elit

60 1518 174 1616 agitur
217 1540 281 1584 uae
302 1522 367 1586 alra
388 1522 592 1609 relinquitur
611 1523 699 1589 ratio
720 1545 902 1610 perquam
923 1521 1107 1588 veridicam
1131 1519 1179 1585 di·

60 1623 177 1668 camne
225 1600 351 1669 'tinam
371 1626 509 1682 vocem,
534 1628 619 1693 quac
637 1607 675 1671 in
692 1606 842 1693 imagine
862 1605 928 1670 Dei
943 1602 1179 1670 lactumfuille

57 1683 239 1750 hominem
266 1685 363 1752 dicit.
388 1751 389 1756 ,
406 1689 484 1755 Non
508 1687 621 1776 ,igitur
640 1689 712 1776 ipsa
732 1689 831 1754 nobit
850 1688 1045 1776 recipienda
1069 1687 1113 1751 est
1131 1687 1182 1763 la·

57 1790 120 1835 cra
153 1767 326 1855 scriptura.
368 1771 445 1836 Fiat
474 1771 590 1872 itaque
623 1776 786 1860 quaedam
816 1795 856 1835 ex
877 1771 929 1836 hie
950 1793 1036 1859 quae
1057 1768 1179 1856 [cripta

58 1853 143 1916 suut
173 1855 228 1949 ad·
243 1850 283 1952 id
310 1858 404 1952 quod
432 1871 608 1954 quaeritur
627 1879 646 1920 a
666 1856 783 1932 nobie,
815 1854 1049 1954 manuductio.
1090 1853 1180 1918 Post·
1220 1865 1223 1874 ¹

55 1937 1180 2116 lffidtt‘citit?÷llttttl⁶tttltttltttt³et

56 2101 147 2168 feert
177 2102 354 2169 hominem
385 2120 420 2170 et
451 2107 637 2171 fecundum
669 2105 947 2194 imaginemDei
974 2103 1057 2170 fecit
1087 2127 1177 2179 eum,

56 2185 254 2250 marculum
276 2201 310 2252 et
331 2188 515 2255 foeminam
540 2189 624 2254 iecit
645 2213 720 2255 eoa„
761 2191 902 2254 Dictum
921 2188 967 2253 est
986 2186 1091 2273 igitur
1110 2191 1179 2266 jam

55 2285 94 2334 et
115 2266 155 2332 in
177 2267 231 2334 hit
254 2291 339 2356 quae
360 2293 473 2338 coram
494 2274 593 2348 lunt,
616 2273 696 2359 quia
717 2276 759 2337 ad
775 2273 977 2337 solutionem
989 2271 1179 2338 haereticae

54 2350 259 2499 {mptiepatitn
272 2353 359 2419 ulie
370 2356 475 2455 sermo
496 2356 755 2502 praetppntiapue
772 2357 823 2504 el}1
825 2378 833 2420 t
856 2353 1079 2454 utpdiecentea
1097 2353 1178 2500 unip

72 2455 128 2498 ecr
192 2456 341 2502 ominem
363 2461 424 2502 unr
451 2455 562 2504 enatus
618 2461 676 2504 eut
712 2461 798 2504 ecuu
824 2459 964 2504 umtma
990 2459 1081 2502 inem
1131 2459 1175 2512 er,

53 2519 156 2582 nulla
176 2517 308 2584 ratione
330 2521 545 2587 divinitatem
564 2522 674 2586 Patria
696 2537 731 2586 et
748 2521 827 2588 Filii
845 2459 1073 2607 legregcgmue,
1096 2520 1178 2590 fide·

51 2601 79 2665 li
105 2599 226 2666 divina
247 2601 309 2668 scri
336 2618 410 2671 tura
431 2607 543 2670 Deum
565 2619 747 2691 utrumque
769 2605 985 2676 nominante,
1015 2625 1091 2666 eum
1126 2601 1176 2665 vi·

54 2683 187 2750 delicet
267 2685 274 2702 ⁸
306 2627 390 2752 iiecit
419 2689 616 2762 bominem,
645 2704 679 2752 ct
708 2691 851 2752 eumad
875 2691 969 2764 cujut
992 2685 1177 2769 imaginem

40 2769 171 2832 lactus
193 2707 276 2834 edu
292 2773 358 2837 Sed
380 2775 423 2837 de
443 2777 510 2838 hoc
531 2772 669 2856 quidem
687 2770 794 2836 sermo
812 2771 1020 2843 dimittatur,
1044 2771 1176 2864 adpro·

52 2851 209 2938 politum
229 2874 310 2918 vero
331 2858 562 2922 convertenda
583 2857 628 2920 alt
648 2855 815 2940 quaestio,
849 2855 1021 2940 quomodo
1044 2851 1106 2914 elie
1128 2853 1177 2914 dt-

49 2935 182 2999 vinum
202 2936 358 3012 beatum,
382 2955 417 3003 et
437 2939 555 3003 misera
576 2937 787 3013 humanitate,
817 2952 852 3000 et
871 2935 976 3002 limile
996 2934 1047 3000 illi
1069 2938 1135 2998 hoc
1156 2955 1176 2998 a

51 3020 150 3082 sacra
174 3017 335 3104 scriptura
356 3022 563 3088 nominatur.
606 3025 730 3086 Nonne
752 3021 866 3108 itaque
888 3018 1069 3104 diligenter
1087 3014 1177 3082 ordi·

51 3103 177 3168 nanda
207 3102 284 3167 lunt
311 3105 438 3171 verba?
467 3104 688 3170 Inveniemue
706 3104 797 3168 enim
820 3102 898 3189 quia
920 3104 1061 3184 alterum
1081 3099 1175 3187 quid,

52 3186 155 3272 quod
178 3185 362 3254 secundum
386 3187 569 3285 imaginem
591 3190 718 3254 factum
740 3189 801 3262 est,
825 3187 1178 3272 alterumquodnunc
1265 3262 1268 3270 Ι

49 3271 90 3332 in
117 3266 322 3336 infelicitate
343 3273 537 3338 ostendrtur.
579 3272 674 3337 Fecit
695 3274 807 3344 Deua.
827 3269 956 3356 inquit,
980 3268 1175 3344 hominem

50 3357 99 3418 ad
135 3350 204 3416 ima
231 3353 320 3420 'nem
355 3355 420 3420 Dei
442 3355 524 3419 iecit
546 3377 634 3420 eum.
677 3355 796 3420 Finem
817 3357 919 3418 habet
939 3352 1010 3439 ipsu
1031 3357 1073 3418 ad
1094 3351 1175 3416 ima·

46 3437 178 3528 ginem
222 3437 288 3502 acti
319 3436 454 3504 creatio.
498 3438 633 3504 Deinde
663 3439 873 3525 epanalepsin
895 3437 932 3502 id
953 3436 997 3501 eli
1017 3433 1176 3515 adlectio·

47 3541 139 3587 nem
160 3518 244 3584 facit
263 3522 450 3586 fecundum
472 3521 746 3587 constitutionem
762 3519 942 3588 fermoniat
965 3535 998 3582 et
1013 3519 1071 3592 ait,
1088 3536 1175 3581 maa·

45 3607 176 3670 culum
207 3619 241 3667 et
271 3605 455 3672 foeminam
483 3603 566 3668 iecit
596 3627 663 3670 eoa.
708 3605 875 3670 Omnibus
912 3599 1004 3666 enim
1034 3598 1176 3664 arbitror

47 3703 184 3754 notum
214 3686 297 3751 ellet
331 3689 410 3788 quia
431 3691 497 3752 hoc
520 3702 610 3751 extra
631 3687 819 3775 principale
838 3687 1031 3769 exemplum
1052 3680 1177 3750 intelli·

50 3773 162 3859 gitur.
207 3774 246 3836 lu
268 3772 398 3836 Christo
417 3769 510 3834 enim
529 3771 624 3845 lelu,
663 3772 747 3835 ficut
767 3769 815 3834 ait
836 3767 1030 3854 Apostolus,
1063 3786 1207 3862 neque.-

38 3855 229 3922 'marculus
251 3876 362 3941 neque
382 3854 532 3919 foemina
552 3855 613 3930 elt,
636 3855 694 3920 led
714 3854 751 3918 in
773 3857 856 3918 haec
876 3849 1049 3916 hominem
1064 3847 1173 3912 dividi
1239 3881 1241 3888 ·

47 3941 169 4006 sermo
198 3936 293 4002 dicit.
335 3939 460 4003 Nonne
489 3937 605 4024 itaque
634 3939 759 4024 duplex
786 3937 950 4022 quaedam
981 3933 1024 3998 eit
1047 3933 1179 3996 nostrae

47 4039 202 4090 naturae
230 4019 445 4098 constitutio,
475 4043 545 4086 una
574 4023 617 4086 ad
643 4025 756 4086 Deum
784 4011 976 4094 affimilata‚
1006 4017 1109 4082 altera
1131 4017 1174 4080 ad
1289 4012 1294 4037 ¹

48 4109 162 4172 talem
187 4102 412 4170 differentiam
436 4101 564 4170 divisa?
586 4106 670 4170 Tale
692 4103 785 4172 enim
806 4101 849 4167 ali
873 4099 934 4164 uid
950 4125 989 4164 eu
1008 4098 1175 4166 construc-

48 4190 159 4258 tione
187 4207 305 4256 eorum
342 4208 428 4276 quae
448 4186 570 4274 scripta
590 4187 687 4270 lunt,
717 4185 837 4258 ratioi
912 4198 980 4250 uat.
1021 4180 1174 4249 Primum
