2930 4982
216 239 220 248 .
300 150 379 265 ssa
425 272 430 282 ,
623 163 1072 294 nonninus-nusum
1112 193 1145 284 ι·

215 379 218 390 ’
304 369 478 442 universas
506 383 646 438 naturas
660 361 665 366 ’
679 367 922 436 adunationem
944 364 1138 442 ordiretur
1159 361 1277 462 fiblpue
1294 384 1378 513 oppo-

302 452 370 520 fitis
400 452 570 539 cooptari,
604 451 737 518 muficis
764 452 952 519 rationibus
978 448 1188 522 admonitus.
1225 466 1258 512 tn
1280 470 1329 534 qur
1349 469 1380 516 ut

305 534 482 622 oonspi'cor
502 535 589 600 nihil
611 535 702 601 aliud
724 536 837 600 animo
861 535 991 621 placers
1013 529 1329 618 pulcritudinemque
1344 533 1380 596 ef·

303 617 509 692 ficere„.nifi
531 619 732 686 diversarum
755 641 878 684 vocum
893 615 1103 683 rationabilia
1118 613 1294 690 intervalla,
1313 637 1382 700 quae

302 703 393 768 inter
413 701 447 766 se
468 701 616 771 invicem
638 705 756 768 collata
779 701 894 770 munci
916 699 1154 766 modulaminis
1174 695 1315 762 efficiunt
1326 700 1382 762 dul·

168 789 174 806 '
247 811 249 818 ·
302 785 469 854 oedinem.
521 786 586 850 Ubi
606 786 758 850 mirabile
782 787 942 874 quiddam
964 787 1061 848 datur
1083 780 1248 878 intelligi,
1282 796 1311 844 et
1329 782 1383 844 lolo

302 868 426 935 mentis
455 869 612 946 contuitu
634 870 689 936 vix
713 866 1026 956 comprehenfibile;
1060 888 1131 931 non
1154 885 1243 930 enam
1264 862 1327 938 [oni
1345 863 1383 928 ti·

301 953 401 1027 verli,
422 951 517 1016 verbi
541 953 667 1039 gratia,
690 953 869 1018 fistularum
892 950 1007 1038 organi
1026 951 1079 1012 vel
1095 950 1289 1014 chordarum
1299 947 1382 1028 lyras.

302 1035 359 1098 seu
386 1036 591 1102 foraminum
622 1035 744 1110 tibiae,
779 1035 838 1123 qui
865 1036 1138 1122 quoddammodo
1165 1031 1302 1095 sensibus
1327 1050 1386 1116 per

302 1117 411 1202 cepti,
443 1119 479 1185 in
505 1141 646 1184 numero
668 1133 779 1184 rcr'um
801 1118 863 1183 elle
884 1119 1059 1191 videntur,
1092 1111 1314 1180 harmonicam
1333 1111 1386 1176 elfi-
1430 1187 1431 1194 ἵ

240 1231 242 1240 ⁴
303 1200 638 1285 ciuntsusvitstem,
663 1204 717 1267 led
740 1201 976 1289 proportiones
998 1201 1155 1264 sonorum
1177 1214 1210 1262 et
1223 1195 1386 1283 proportio-

269 1298 273 1306 '
303 1283 457 1352 ualitates
480 1307 561 1372 quas
584 1284 642 1362 srbi
663 1285 813 1350 invicem
836 1287 989 1359 collatas,
1018 1282 1119 1348 solius
1144 1280 1248 1346 animi
1268 1279 1388 1342 interior

205 1395 210 1416 ·
236 1443 238 1448 ,
301 1366 448 1454 percipit
477 1385 511 1433 et
543 1367 706 1446 dijudicat
727 1369 858 1444 sensum
889 1389 973 1454 quae
995 1365 1154 1431 videlicet
1174 1361 1390 1450 proportiones

225 1449 229 1458 '
303 1445 689 1548 et'proportionalitates
711 1475 834 1517 vocum
857 1449 1077 1536 sensibilium,
1099 1451 1320 1532 sonorumque
1337 1465 1390 1510 me·

223 1613 229 1622 ·
301 1533 367 1596 rito
392 1537 553 1602 drcuntur
575 1536 657 1609 effe,
696 1536 856 1622 quoniam
877 1555 948 1598 non
971 1535 1076 1597 solum
1098 1529 1184 1596 nihil
1207 1532 1247 1594 ab
1269 1528 1313 1592 eis
1334 1549 1389 1592 cor·

301 1637 423 1701 porcus
446 1617 557 1684 sensus
578 1618 724 1704 patitur,
747 1641 863 1683 verum
887 1617 986 1682 etiam
1010 1619 1096 1680 ultra
1122 1635 1258 1679 omnem
1279 1613 1390 1676 lenlum

302 1699 494 1766 acutissimis
516 1701 726 1774 rationabilis
750 1701 853 1768 animi
877 1699 1051 1766 obtutibus
1069 1698 1176 1762 veluti
1191 1699 1286 1782 supra
1298 1715 1391 1758 rerum

301 1796 455 1848 naturum
488 1786 757 1860 considerantur.
792 1802 826 1849 et
861 1787 939 1852 dum
962 1785 1051 1846 inter
1073 1804 1111 1846 ca
1132 1801 1220 1868 quae
1241 1799 1308 1844 non
1331 1779 1394 1840 lunt

303 1883 560 1968 computantur,
596 1859 649 1932 his
681 1891 767 1966 quae
795 1872 873 1932 sunt
901 1865 1155 1932 bonellilsrmam
1187 1862 1346 1962 praestant
1368 1875 1394 1926 et

201 1991 206 2012 r
302 1948 770 2026 administrantconcordram
785 1953 849 2016 five
865 1951 1033 2037 intelligat
1049 1949 1106 2036 qui
1122 1949 1215 2012 lonis
1233 1946 1392 2014 auscultat

280 2060 283 2068 ¹
303 2031 384 2116 quid
398 2031 435 2096 in
450 2032 493 2096 iis
510 2034 722 2100 dulcedinem
734 2053 766 2100 et
778 2034 1042 2121 pulcritudinem
1059 2032 1192 2104 efficiat,
1207 2031 1346 2095 fivenon
1356 2027 1394 2090 in·

300 2113 440 2199 telligat‚
456 2113 539 2178 inest
551 2131 661 2180 tamen
674 2118 830 2182 omnibus
842 2118 982 2182 interior
991 2118 1100 2181 sensus
1111 2137 1213 2202 quem
1224 2129 1292 2178 rata
1301 2133 1394 2176 rerum

301 2195 398 2270 ratio,
413 2198 687 2294 eonveniensque
706 2202 866 2266 adunatio
883 2224 952 2266 non
968 2203 1059 2264 latet.
1083 2198 1169 2298 Quis
1186 2197 1279 2262 enirn
1296 2192 1396 2260 senarii

301 2280 1396 2370 numerrvirtutem.quitotiusharmoniaeintellrgiturfundamen·

301 2375 392 2459 tpm3
413 2362 487 2449 quis
503 2364 699 2430 collationes
714 2368 814 2454 ipsius
831 2391 906 2432 cum
923 2367 988 2432 suis
996 2355 1231 2453 sesquialteris,
1242 2360 1398 2448 sesquiter-

300 2458 358 2508 tns
373 2447 552 2534 duplisque
567 2447 656 2514 intra
672 2467 806 2514 naturas
825 2475 935 2516 rerum
954 2451 1060 2537 potest
1083 2465 1300 2536 cognoscere.
1330 2448 1395 2509 dnn

300 2549 411 2596 rerum
444 2530 597 2596 omnium
629 2534 808 2598 visibilium
841 2551 874 2597 et
903 2534 1121 2598 invisibilium
1154 2531 1350 2596 universitas
1368 2525 1396 2588 in

301 2630 343 2673 eo
362 2613 480 2708 'veluti
510 2613 546 2678 in
578 2621 723 2701 quodam
750 2617 931 2704 principali
963 2619 1116 2702 exemplo
1146 2615 1326 2680 constituta
1346 2608 1396 2674 lu?

302 2694 393 2778 Quid
418 2718 495 2794 ergo
516 2696 660 2772 mirum,
684 2701 706 2763 fi
729 2723 768 2764 ex
791 2701 844 2766 his
871 2723 955 2787 quae
978 2702 1054 2764 sunt
1077 2698 1353 2766 substantialiter.
1372 2707 1397 2752 et
1430 2707 1431 2710 ’

301 2782 508 2842 naturalibus
538 2781 786 2854 accidentibus,
827 2801 860 2848 et
894 2807 932 2846 ex
960 2785 1012 2848 his
1047 2806 1133 2869 quae
1153 2803 1226 2848 non
1252 2779 1399 2844 suntlivc

301 2879 361 2942 per
382 2863 613 2928 excellentiam
629 2866 702 2953 ¹saue
722 2889 785 2952 per.
804 2869 972 2930 defectum
996 2884 1030 2928 et
1052 2864 1281 2952 privationem
1311 2860 1399 2925 totins

302 2957 471 3010 creaturae
499 2947 673 3012 harmonia
705 2966 946 3036 componatur;
986 2954 1065 3014 duna
1087 2949 1123 3014 in
1146 2948 1403 3030 omnibusque

301 3025 380 3122 sunt
409 3044 442 3090 et
476 3050 560 3113 quae
580 3053 651 3096 non
665 3033 769 3106 lunt,
802 3033 1042 3097 trullasmalitia
1064 3035 1118 3096 vel
1143 3035 1290 3105 malum,
1323 3027 1399 3113 qnod
1430 3071 1431 3088 κ

299 3108 444 3204 bomlati
473 3113 645 3205 omnium.
685 3117 778 3178 nulla
802 3115 976 3202 turpitudo
999 3116 1051 3180 vel
1075 3115 1292 3187 deformitas.
1331 3129 1400 3196 quat

300 3190 523 3332 pulorrtudmi
553 3211 586 3259 ct
617 3197 813 3262 formositati
842 3200 879 3262 in
902 3201 1013 3264 causas
1037 3201 1109 3262 suas
1132 3197 1406 3278 conditoremque
1430 3201 1431 3226 ³

317 3293 397 3335 uum
425 3277 615 3341 reversurae
633 3281 747 3356 restat,
783 3282 923 3346 omnino
947 3299 1018 3345 non
1039 3282 1239 3346 remanebit.
1291 3287 1401 3362 seper

300 3357 367 3418 hoc
395 3377 464 3423 non
496 3371 710 3437 memoret,
747 3368 826 3428 dum
857 3359 958 3429 audio
990 3387 1029 3428 ex
1053 3363 1226 3450 suppliciis
1251 3365 1399 3427 malarum
1430 3403 1431 3432 p

298 3439 514 3536 vpluntatum
548 3459 582 3508 et
608 3446 765 3530 praemiis
796 3451 960 3513 bonarum
990 3448 1254 3546 pulcherrimam
1286 3450 1399 3510 hamo-
1430 3435 1431 3492 l

297 3543 390 3586 ruam
419 3524 564 3590 suturam
598 3529 676 3603 elle,
714 3531 875 3614 quoniam
898 3531 1172 3617 suppliciabona
1196 3531 1300 3602 sunt,
1336 3531 1399 3592 dum
1430 3575 1431 3606 ³

246 3631 249 3638 ¹
298 3603 483 3703 fintjplla,
514 3626 548 3706 et
569 3611 715 3695 praemia
739 3615 903 3678 duna'fint
924 3616 1000 3698 plus
1022 3613 1166 3700 gratuita
1188 3635 1295 3698 quam
1318 3605 1399 3674 bonit

297 3702 426 3753 merrus
454 3695 636 3768 retnbuta;
669 3700 804 3780 quando
842 3696 943 3762 video
964 3717 1082 3784 graves
1104 3712 1297 3782 acutosque
1320 3695 1400 3758 lons
1430 3697 1431 3714 ¹

298 3790 481 3870 eorumqpe
501 3777 631 3840 medios
653 3783 822 3867 quandam
844 3779 1076 3865 symphoniam
1099 3779 1189 3846 inter
1209 3779 1245 3843 se
1266 3777 1399 3854 invicem
1430 3829 1431 3852 1

263 3912 267 3936 ‚y
297 3857 573 3950 proportionibus
605 3875 638 3924 et
673 3861 1045 3949 proportionalitatibus
1077 3863 1145 3926 luis
1177 3859 1326 3927 efficere.
1369 3857 1402 3918 Et

219 3984 222 3991 .
252 3981 260 3989 .
299 3939 398 4032 lupus
420 3941 460 4000 ad
482 3943 563 4004 haec
586 3943 746 4020 objecerit
767 3946 933 4030 perversas
954 3947 1146 4010 voluntates
1168 3945 1341 4010 malorum
1354 3945 1400 4004 ho
1430 3975 1431 3982 κ

298 4037 428 4084 minum
458 4037 491 4082 ot
523 4025 716 4109 angelorum
752 4028 875 4113 quibus
897 4031 1064 4098 debentur
1082 4027 1275 4115 supplicia,
1313 4025 1399 4092 tuslal

300 4099 379 4172 ellel
403 4122 441 4164 ac
463 4125 522 4186 per
541 4109 608 4172 hoc
629 4107 664 4173 in
688 4109 925 4182 restauratione
946 4133 986 4180 ac
999 4110 1112 4180 reditu
1126 4126 1330 4178 naturarum
1348 4125 1399 4174 nt
