2922 4978
295 201 447 298 ἰιι
653 223 1102 298 oeoauumrtaaeae.
1170 269 1177 276 -

335 401 440 496 Φύσει
461 424 496 475 et
516 402 630 497 Odore
646 433 707 497 pro
730 401 849 488 otiolo,
882 410 931 476 ita
946 413 1041 498 apud
1063 410 1202 478 Latinoa
1221 411 1342 480 edentia
1359 437 1408 502 pro

333 495 453 558 narnia
482 508 516 557 et
544 509 662 558 natura
692 517 752 582 pro
786 480 921 561 edentia
950 495 1189 562 indifferenter·
1215 495 1408 574 constituitur,

334 579 421 642 salva
439 591 554 675 tamen
577 577 778 663 lingularum
797 581 820 643 fi
868 577 1078 644 ilicationum
1092 578 1299 728 proprietate
1318 581 1407 646 Ellen-

334 659 417 724 tiam
436 675 551 744 utaque
573 682 683 726 rerum
705 661 822 727 lcnfibi
835 662 926 737 ium,
949 684 1055 748 ‘quam
1076 683 1156 747 prae
1172 677 1243 728 utut
1260 664 1349 728 Pater
1365 685 1411 728 na·

333 757 427 808 turae
448 741 648 840 fignificavit
668 745 916 831 appellatione,
938 744 1177 842 perpetualiter
1191 747 1409 830 permansuram

333 827 396 890 elle
417 842 503 890 ratro
524 825 725 910 fiducialiter
745 827 875 902 astruit,
920 849 1058 892 uoniam
1079 826 1116 892 in
1141 827 1254 892 divina
1272 828 1410 914 sapientia

332 908 620 996 incommutabilia
650 912 738 976 ultra
770 911 884 978 omnia
897 850 990 978 tioca
1010 927 1045 976 et
1066 927 1216 997 tempora
1236 931 1410 996 omnemque

333 990 592 1060 mutabilitatem
621 993 710 1060 facta
738 994 792 1060 est.
834 996 996 1060 Naturam
1024 1015 1187 1080 veroper
1207 995 1282 1060 loca
1298 1009 1330 1058 et
1347 1011 1412 1058 tem·

286 1082 296 1156 ζ
331 1095 414 1164 pora
435 1092 645 1162 generatam,
678 1077 866 1164 ceterisque
888 1077 1121 1143 accidentibuo
1137 1077 1310 1142 intervallo
1330 1075 1413 1140 ambi·

332 1173 419 1236 tarn,
451 1157 628 1224 intervallo
658 1161 812 1226 omnium
841 1159 1064 1249 praedefinito
1095 1158 1298 1246 perituram,
1328 1177 1409 1226 nuo

331 1241 514 1328 sapientiae
547 1241 662 1309 studiia
690 1243 867 1311 instructus
892 1243 1003 1342 potest
1030 1243 1209 1389 ambiqere.
1250 1241 1311 1307 Hie
1329 1240 1413 1328 igitur

332 1340 368 1390 et
387 1324 581 1405 huiuamodi
601 1326 761 1392 sensibilia
782 1330 902 1392 mundr
924 1343 958 1392 et
977 1326 1131 1391 universa
1144 1326 1210 1390 iter
1232 1342 1265 1390 et
1291 1323 1411 1411 particu-

332 1406 446 1476 lariter
467 1409 615 1475 motibus
636 1409 946 1496 recurfionibuaque
967 1409 1221 1495 certillimitque
1234 1431 1252 1474 a
1267 1405 1412 1494 principio

332 1502 489 1558 motuum
509 1492 774 1560 restitutionibus
790 1497 840 1560 ad
860 1493 968 1581 ipsum
988 1491 1217 1591 principium,
1243 1493 1321 1557 dum
1340 1487 1412 1554 euin

331 1591 444 1640 metue
464 1598 576 1640 rernm
596 1579 638 1640 ab
661 1597 701 1642 eo
722 1576 865 1664 incipit,
887 1575 1115 1662 principium,
1137 1580 1219 1641 dum
1240 1595 1317 1639 vero
1332 1572 1363 1636 in
1376 1570 1413 1656 ip·

332 1658 407 1724 lum
437 1658 572 1734 definit,
603 1659 681 1724 finio
709 1659 792 1725 folet
814 1683 830 1724 a
856 1659 992 1746 pellari;
1025 1675 1160 1724 namet
1185 1659 1415 1748 apudGraecot

356 1741 441 1808 rinei
466 1742 539 1808 ium
558 1740 681 1816 τέλος,
703 1741 804 1809 idest
843 1744 915 1817 nia,
937 1744 1134 1830 appellatur.
1166 1741 1413 1823 Indiacrethm·

330 1765 411 1890 dem
455 1825 581 1892 icentee
603 1825 810 1914 principium
832 1841 867 1890 et
886 1826 989 1892 linem
1010 1824 1132 1903 τέλος,
1162 1825 1247 1912 qnid
1269 1823 1355 1890 aliud
1371 1839 1416 1917 ne

329 1908 383 1974 bie
405 1908 540 1991 mystice
562 1907 732 1985 intimant,
743 1909 805 1974 nid
824 1908 952 1974 reditua
976 1909 1104 1974 nostrae
1125 1925 1266 1974 naturae
1287 1909 1326 1970 ad
1343 1923 1414 1989 prta·

330 1990 460 2077 cipium
481 1993 577 2055 fuum
599 2013 619 2055 a
643 2011 710 2078 quo
732 1993 823 2090 faeta
842 1992 903 2067 est,
924 2009 961 2090 et
981 1991 1018 2056 in
1041 2013 1108 2080 quo
1132 2008 1167 2057 et
1213 1991 1348 2085 erqnod
1363 2004 1417 2082 nto

185 2131 197 2164 ’
329 2077 705 2223 llltttt‘ttllttl
726 2075 1418 2248 lttdltlltltttsz·nzlttll‘d

329 2238 407 2327 puri
446 2240 513 2305 five
550 2241 793 2318 contaminati,
831 2243 896 2306 five
921 2240 1098 2306 veritatem
1125 2253 1366 2328 cognoscentes
1391 2253 1419 2328 ιιι

330 2323 460 2389 Christo
487 2323 659 2400 renovati,
692 2325 760 2390 lire
787 2324 826 2390 in
854 2322 1001 2390 tenebria
1033 2323 1249 2410 ignorantiae
1274 2322 1311 2388 in
1331 2333 1419 2382 veteri

328 2407 468 2472 homine
491 2408 637 2478 detenti,
667 2430 755 2473 unna
777 2423 878 2496 atque
898 2406 989 2472 idem
1014 2407 1175 2472 naturalis
1199 2429 1218 2472 a
1244 2404 1365 2504 petitus
1383 2395 1417 2462 est

330 2490 473 2566 offendi,
496 2507 531 2556 et
550 2493 637 2558 benc
658 2491 800 2567 offendi,
824 2507 858 2556 et
871 2513 931 2577 per
956 2490 1112 2556 etualiter
1127 2491 1216 2556 ell'en
1296 2501 1333 2552 ut
1347 2485 1418 2578 lanc·

328 2589 385 2638 tua
406 2573 607 2662 Augustinua
629 2575 776 2639 breviter
798 2515 1074 2661 compreiendit,
1105 2575 1206 2639 beate
1227 2567 1363 2636 vivendi
1375 2586 1420 2660 ml:

327 2657 444 2722 leriam
470 2680 512 2722 ue
532 2657 697 2744 fugiendi.
742 2660 858 2724 Motua
879 2677 1024 2744 namque
1043 2656 1101 2721 iste
1122 2656 1273 2722 feliciter
1300 2650 1418 2746 vivendi

328 2756 364 2806 et
384 2681 592 2816 lnbdstendi,
623 2743 664 2804 ab
694 2761 736 2806 eo
768 2741 827 2829 qui
847 2740 994 2826 semper,
1031 2753 1066 2804 ct
1084 2741 1192 2815 bene,
1228 2753 1265 2804 et
1284 2735 1418 2828 omnibu

326 2822 420 2888 inest.
460 2827 507 2888 Et
527 2825 552 2888 fi
571 2822 681 2890 omnia
701 2840 816 2890 motna
836 2823 995 2888 naturalia
1016 2822 1200 2902 necellario
1225 2843 1299 2886 non
1321 2818 1435 2909 delinit¹

327 2928 440 3006 neque
467 2905 628 2992 quieacit,
661 2911 771 2974 donec
800 2907 975 2994 perveniat
1003 2909 1046 2970 ad
1074 2904 1180 2970 linem
1219 2927 1321 3002 quem
1342 2913 1417 2988 peut,

328 2994 411 3078 qurd
432 2991 537 3075 potest
558 2993 724 3056 humanae
743 3007 882 3057 naturae
902 2987 1118 3056 oeceffarium
1131 2991 1329 3076 prohibere,
1349 3003 1418 3050 com·

325 3094 481 3220 peacere,
509 3074 631 3150 fidere,
666 3096 711 3140 ne
739 3076 781 3138 ad
810 3073 847 3138 id
868 3075 959 3159 qnod
980 3072 1179 3140 naturaliter
1202 3069 1353 3158 appetit,
1380 3083 1416 3126 ιι

340 3172 394 3220 eat
413 3157 615 3242 pervenire?
638 3159 730 3224 nulla
752 3155 842 3223 enim
864 3173 1013 3224 creatura
1036 3159 1079 3222 est
1100 3177 1189 3245 quae
1211 3155 1290 3222 vult
1310 3153 1393 3218 vela

325 3238 414 3325 petit
440 3238 526 3304 nihil
554 3241 635 3316 elle,
668 3239 757 3327 fugit
785 3256 897 3306 autem
930 3262 976 3306 ne
1005 3239 1039 3305 ei
1067 3239 1252 3328 contingat
1273 3258 1343 3318 non
1396 3249 1431 3311 ι,

256 3353 259 3358 ’
324 3321 518 3408 praesertim
541 3326 622 3390 dum
643 3345 745 3390 omne
788 3327 857 3388 uod
878 3325 918 3386 ab
941 3344 982 3389 eo
1005 3323 1064 3410 qui
1084 3345 1163 3387 vere
1188 3323 1261 3396 est,
1285 3337 1320 3388 et
1342 3319 1415 3408 [uper

325 3406 528 3471 elle-factum
560 3406 604 3471 eli
632 3409 675 3472 ad
705 3345 852 3470 nihilum
882 3404 991 3470 redire
1022 3404 1167 3474 difficile.
1218 3404 1257 3470 si
1281 3424 1359 3470 vero
1376 3399 1415 3462 ¹1¹·

324 3508 391 3575 qua
412 3489 584 3554 occafiooe
603 3505 722 3554 natura
743 3492 817 3554 Deo
838 3488 952 3554 limilia
972 3509 992 3554 a
1012 3487 1186 3576 principio
1207 3487 1262 3552 fui
1284 3508 1343 3576 per
1355 3473 1429 3548 drffi·l

323 3569 554 3637 militudinem
578 3579 708 3638 remota
735 3571 855 3646 fuerit,
895 3572 1024 3657 semper
1045 3573 1087 3636 ad
1106 3569 1327 3658 principium
1346 3570 1417 3632 [uun

322 3654 432 3720 redire
453 3655 648 3732 contendit,
670 3671 710 3720 ut
729 3653 1005 3730 limilitudinem,
1030 3675 1130 3753 quam
1150 3669 1368 3742 corruperat,
1384 3661 1427 3721 ιιι

247 3819 251 3835 ·
323 3735 1017 3908 intentarunt&
1032 3736 1210 3908 ιὲἐιι·

323 3903 429 3968 altum
456 3905 583 3980 tendit,
613 3907 709 3974 nullo
733 3926 776 3968 ue
804 3906 883 3969 suae
911 3904 1105 3990 flagrantiae
1125 3919 1232 3968 motu
1255 3891 1415 3988 impetit

324 4007 389 4084 qua
409 3986 539 4052 ratione
560 3987 675 4076 ignem
696 3927 792 4052 ilium
811 3987 1059 4084 intelligibilem
1077 3987 1289 4057 substantiae
1304 3989 1343 4050 ad
1360 3983 1416 4044 ima

323 4089 436 4154 gmem
447 4070 510 4151 Dei
533 4087 670 4147 creatae,
693 4069 852 4147 credibile
874 4071 916 4134 lit
933 4093 970 4137 tn
992 4071 1068 4135 nnis
1089 4069 1215 4137 mortio
1236 4087 1277 4136 ‚et
1291 4061 1414 4140 mitent

322 4152 413 4236 P⁰¹Te
435 4153 562 4239 semper
578 4154 739 4231 detineri,
764 4167 804 4218 ut
818 4151 856 4216 in
871 4152 1024 4220 sublimia
1038 4152 1127 4218 vitae
1141 4151 1416 4230 beatitudinisque
