2854 4978
280 305 359 376 ero
474 405 477 418 ι
586 267 664 374 'oe
683 306 866 379 boteone
887 303 1060 377 Numae.

285 489 396 580 igitur
413 487 554 564 dicunt,
592 491 760 557 mundum
783 491 975 579 privatione
995 485 1148 554 factumi
1179 488 1310 554 fienim
1330 491 1386 556 hot

283 594 404 638 verum
424 573 522 644 esset,
546 575 709 640 constaret
730 577 839 664 ipsunt
857 577 1023 642 mnndum
1041 569 1274 637 habitudinem
1316 595 1384 636 uan-

286 660 363 724 dam
388 651 536 721 habuirle
555 658 750 759 priusquam
773 660 888 726 fierett
919 673 954 724 at
971 659 995 722 fi
1014 658 1077 733 fic,
1106 658 1275 744 quomodo
1295 595 1382 722 tbabi-

285 740 414 819 tudinis
443 742 521 805 luae
551 741 778 828 privatronem
805 742 1001 830 pateretur?
1033 743 1158 806 livero
1180 736 1382 804 nullomodo

286 840 373 899 erut,
403 824 496 920 prius
522 847 598 891 uam
628 829 740 903 heret,
772 826 866 892 omni
895 825 1095 891 habitudine
1130 823 1265 903 carniste
1285 825 1382 887 nullut

283 908 473 994 sapientum
496 845 646 975 dubitat:
678 928 711 975 at
733 912 755 975 fi
778 910 872 976 ornni
891 909 1092 974 habitudine
1112 906 1237 981 caruit,
1260 927 1382 992 quomo·

289 995 333 1058 do
357 995 398 1061 de
419 991 612 1079 privatione
633 995 844 1060 habitudinie
865 994 941 1060 suae
956 993 1028 1058 lieri
1044 991 1177 1079 potuit,
1199 1011 1296 1074 quam
1312 1011 1385 1054 non·

287 1093 390 1163 quam
409 1074 554 1141 habuit?
579 1081 695 1144 eadem
718 1079 805 1159 ratio
828 1078 872 1143 est
893 1081 935 1144 de
954 1075 1120 1151 absentie;
1143 1073 1384 1140 Absentianan·

283 1181 350 1258 que
371 1159 415 1222 est
437 1160 486 1224 tei
512 1165 687 1243 cujusdam
707 1160 910 1250 preelentie,
943 1162 997 1238 rel
1018 1160 1173 1247 praesent
1196 1157 1266 1222 fieri
1286 1159 1382 1235 ualen-

282 1255 327 1305 tra
351 1263 368 1306 a
390 1243 537 1308 sensibus
559 1245 702 1310 ablatio:
742 1247 766 1310 fi
787 1268 866 1333 ergo
887 1247 1035 1310 mundus
1057 1247 1100 1308 de
1122 1241 1269 1306 absentia
1290 1241 1381 1304 factat

284 1325 346 1400 ell,
385 1327 558 1424 praecellit
596 1330 707 1418 aliqua
742 1346 881 1404 natura,
921 1334 1015 1408 cujus
1035 1323 1199 1392 absentie
1231 1319 1383 1390 condendi

282 1413 404 1474 mundi
433 1412 559 1475 occafio
589 1414 676 1478 facta
711 1415 772 1489 ell3
806 1430 840 1478 et
859 1412 930 1498 ipsa
950 1429 1088 1486 natura,
1118 1425 1178 1474 aut
1198 1411 1308 1484 Deua,
1337 1419 1383 1469 aut

283 1509 434 1556 creatura
457 1511 549 1558 erat:
573 1513 606 1561 et
627 1497 650 1563 li
673 1501 776 1571 Deue,
797 1511 963 1583 cogentur
984 1494 1092 1569 fateri,
1116 1512 1157 1558 ex
1178 1491 1319 1556 Divinae
1337 1508 1381 1552 nt·

284 1590 379 1640 turae
408 1577 557 1642 absentia
586 1583 751 1645 mundum
783 1581 910 1644 factum
932 1579 1047 1646 fuillet
1079 1577 1207 1641 fivero
1230 1576 1380 1644 Creatura,

282 1660 464 1725 neceffario
487 1659 647 1740 vifibilie,
679 1680 738 1728 aut
757 1662 934 1727 invisibilis
957 1662 1038 1740 erit;
1072 1659 1272 1733 fivifibilia,
1295 1655 1381 1720 alium

284 1747 453 1810 mundum
467 1743 638 1812 ·vi1ibilem
659 1745 860 1834 praecellille
882 1748 1042 1812 debemus
1065 1747 1218 1810 credere:
1244 1739 1380 1806 fiinvifi·
1416 1781 1417 1788 κ

285 1825 379 1902 bilia,
412 1849 476 1912 qua
507 1827 639 1896 ratione
661 1831 815 1918 cogimur
835 1833 1021 1896 concedere
1044 1831 1085 1892 de
1106 1825 1280 1891 invifibilia
1298 1839 1379 1920 natu·

282 1931 339 1974 rae
361 1909 510 1974 absentia
530 1917 696 1979 mundum
718 1903 815 1978 istum
839 1915 964 1978 factum
988 1912 1101 1986 fuiffe,
1132 1925 1192 1974 aut
1213 1931 1282 1994 eam
1324 1926 1380 1969 cnt-

283 2007 338 2058 tus
369 1997 536 2058 mundum
567 1997 786 2084 praecellille:
820 2000 992 2084 quomodo
1026 1999 1069 2060 de
1091 1993 1239 2058 absentia
1260 1931 1381 2076 veipri·

280 2076 418 2141 vatione
440 2100 569 2154 rerum,
602 2103 687 2168 quae
708 2103 884 2170 nunquam
906 2096 1019 2154 erant,
1043 2082 1193 2144 mundus
1215 2077 1316 2140 factus
1335 2071 1378 2144 eft,

282 2179 352 2224 non
374 2160 551 2250 intelligo:
573 2161 596 2226 st
620 2187 699 2230 vero
722 2163 800 2254 quie,
821 2165 943 2230 dixerit
964 2184 1077 2250 neque
1098 2160 1320 2248 privationem
1337 2159 1380 2219 ha·

281 2243 471 2320 bitudinis,
491 2267 603 2332 neque
624 2249 807 2316 absentiam
831 2247 972 2328 alicujus
995 2245 1203 2332 praesentiae
1217 2241 1318 2308 nihilo
1333 2259 1380 2302 no·

281 2325 374 2390 mine
402 2327 600 2416 fignificari:
632 2333 690 2397 ted
720 2329 942 2396 universalem
975 2329 1079 2394 totius
1106 2323 1328 2397 habitudinis,
1354 2334 1380 2382 et
1416 2369 1417 2392 η

282 2409 456 2488 ellentiae,
487 2415 544 2478 vel
575 2414 791 2492 substantiae,
826 2416 883 2479 vel
903 2412 1117 2490 decidentia,
1154 2429 1187 2476 et
1209 2404 1380 2496 simpliciter
1416 2395 1417 2467 l

282 2493 452 2569 omnium,
479 2505 565 2582 quae
581 2497 660 2574 dici,
685 2515 720 2564 et
735 2499 845 2563 intelli
873 2496 1046 2585 'poliunt
1068 2495 1294 2584 negationem,
1314 2509 1378 2553 con·

282 2577 437 2641 cludetur
458 2579 520 2644 fica
553 2601 593 2644 eo
617 2603 695 2668 ergo
717 2585 902 2660 vocabuo‚
936 2582 1037 2645 deum
1057 2579 1176 2646 vocari
1197 2569 1376 2644 necelleest·
1415 2585 1416 2655 l

282 2660 342 2745 qui
373 2661 461 2726 lolns
491 2663 675 2756 negatione
704 2665 859 2731 omnium
892 2685 977 2751 quae
995 2649 1095 2738 lunt,
1158 2651 1377 2762 roprieinnui·

280 2759 355 2822 tur;
390 2745 467 2832 quia
503 2747 539 2810 su
567 2754 602 2808 e'r
625 2757 730 2826 omne
749 2751 841 2836 quod
864 2747 989 2814 dicitur
1011 2761 1044 2811 et
1064 2687 1282 2834 inteiligrtur,
1310 2736 1377 2803 etti·
1414 2773 1415 2843 g

280 2841 388 2902 tatur,
420 2827 479 2926 qui
501 2771 634 2896 nullum
656 2854 792 2907 eorum,
850 2854 913 2896 uae
934 2833 1033 2904 lunt,
1057 2846 1091 2894 et
1111 2851 1199 2917 quae
1220 2849 1287 2893 non
1306 2825 1375 2888 lunt,

280 2911 342 2986 ell;
380 2933 439 3010 qut
472 2911 595 2977 melius
621 2915 805 2981 nesciendo
827 2853 949 2979 icitura
987 2935 1025 2977 ac
1072 2936 1107 2978 er
1129 2917 1197 2981 hoc
1216 2911 1300 2976 inter
1317 2921 1374 2972 noa.
1413 2949 1414 3031 g

279 2993 338 3078 qui
360 2996 562 3060 videbamur
582 2995 769 3075 dissentire,
807 2997 1008 3063 conveniet:
1043 2937 1068 3060 d
1089 3011 1201 3061 autem
1223 2989 1374 3088 responde·

278 3075 342 3150 rit,
374 3099 486 3163 neque
521 3079 612 3144 illam
632 3081 851 3180 negationem
875 3082 952 3147 dico
974 3079 1084 3144 nihilo
1104 3079 1296 3167 tignitican‚
1324 3086 1374 3156 (11¹²
1412 3131 1413 3142 ,

278 3174 422 3244 negatur
443 3165 533 3226 Deus
556 3163 620 3227 elle
642 3168 726 3251 qurd
744 3187 872 3242 eorum,
896 3187 981 3252 quae
997 3165 1093 3239 lunt3
1116 3165 1172 3228 led
1190 3163 1287 3234 illam,
1305 3169 1372 3242 quae
1412 3143 1413 3219 l

277 3256 389 3326 negat
409 3247 537 3318 Deum,
574 3262 609 3310 et
641 3264 845 3326 creaturam
887 3247 1067 3312 necellario
1095 3247 1272 3318 fatebitur,
1300 3233 1372 3324 quod
1411 3315 1412 3330 χ

277 3323 394 3410 negari
426 3333 630 3404 conabatur,
663 3334 730 3395 hoc
758 3331 819 3406 est,
858 3335 899 3396 de
930 3329 1113 3418 negatione
1144 3325 1319 3418 privativa.
1347 3327 1371 3378 et
1411 3345 1412 3407 t

278 3425 448 3474 creaturae
477 3414 644 3477 mnndum
676 3415 803 3479 factum
833 3414 940 3480 fuille.
982 3417 1133 3478 Mundus
1163 3401 1371 3500 liquidem-de

276 3491 416 3557 materia
444 3495 587 3560 lnformi
616 3497 725 3562 factus
759 3499 819 3574 ell3
852 3495 991 3563 materia
1012 3497 1169 3562 informis
1192 3499 1232 3560 de
1254 3499 1369 3557 ornntno
1410 3561 1411 3566 η

276 3573 406 3652 nihilo,
437 3599 476 3642 ac
497 3600 557 3666 per
578 3581 662 3655 hoc,
698 3597 732 3645 et
753 3586 901 3648 mundus
926 3585 967 3647 de
989 3580 1130 3646 omnino
1155 3578 1270 3644 nihilo.
1309 3571 1368 3634 N⁰¹¹

276 3658 390 3735 enirn,
425 3676 464 3724 ut
494 3661 634 3749 opinor,
673 3663 813 3731 audebit
843 3665 973 3740 dicere,
1004 3687 1105 3728 omne
1127 3666 1219 3752 quod
1242 3659 1297 3732 ell,
1325 3660 1369 3712 ⁸¹¹¹

277 3743 372 3806 Deus
396 3743 456 3818 ell,
488 3763 546 3810 aut
567 3763 719 3814 creatura
741 3751 801 3826 ell,
834 3765 893 3814 aut
913 3769 978 3814 nec
1000 3752 1111 3824 Deue,
1140 3768 1205 3811 nec
1226 3745 1368 3810 crearunt
1409 3763 1410 3783 ÷

278 3843 357 3890 nam
379 3827 403 3890 fi
425 3827 564 3904 dixerit,
589 3829 680 3896 inter
701 3854 778 3909 eoo,
802 3833 861 3920 qui
884 3831 1004 3896 dicunt
1022 3831 1196 3896 materiam
1211 3831 1280 3892 Deo
1294 3831 1367 3910 ⁶⁰5¹*
1408 3865 1409 3870 κ

168 3931 171 3942 ·
220 3923 226 3946 ·
277 3921 408 4003 ternam
429 3913 509 3987 elle,
535 3916 806 4002 computabitur,
830 3921 872 3980 de
894 3937 961 4002 qua
981 3919 1074 3982 Deus
1095 3917 1259 3980 mundum
1278 3893 1366 3968 fenile

275 3992 316 4054 ab
340 3990 382 4056 tie
401 3999 600 4138 gutahatuv
626 4003 669 4062 At
690 4000 714 4064 li
732 4022 833 4065 omne
848 4001 941 4096 quod
959 3999 1024 4074 est,
1047 4015 1106 4063 aut
1122 4002 1214 4063 Dent
1231 4005 1285 4056 aut
1298 3999 1366 4050 eret·
1407 4031 1408 4088 ᾖ

277 4087 350 4138 tura
383 4091 399 4138 θ
435 4121 445 4150 ,
481 4092 642 4146 etnemo
676 4083 772 4148 larius
803 4084 833 4144 lu
860 4103 934 4150 rene
958 4063 1365 4161 aestimavitmundundt
1407 4089 1408 4159 l

232 4183 239 4198 ·
275 4157 457 4242 negatione
479 4159 543 4227 Dei
572 4177 605 4226 et
628 4165 809 4229 Creaturae
831 4105 985 4246 iictum,
1022 4165 1108 4232 relin
1133 4163 1225 4228 uitur
1244 4156 1304 4221 sola
1322 4145 1364 4242 {¹¹³

273 4239 411 4325 negatio
433 4243 474 4307 ad
495 4249 626 4311 caulam
651 4247 771 4314 mundi
793 4249 964 4326 faciendi,
987 4270 1075 4338 quae
1096 4187 1261 4314 ablatione
1280 4243 1363 4301 tonet
