2912 4978
413 223 758 308 mmmmm..
1082 221 1136 296 oc

73 401 358 504 uniamjeientltm
380 422 414 474 et
433 413 675 492 inscrutatione,
706 411 837 496 aequali
845 405 918 499 fibi
936 412 984 476 acl
1002 413 1137 495 angelos

73 489 259 584 indifferenter
275 486 426 586 futura,
456 499 624 560 rationum
651 500 685 559 in
714 499 768 558 his
793 489 971 586 quaesunt
988 494 1138 588 gnostica

66 573 192 669 scientim
214 598 276 660 per
303 601 399 662 quum
431 573 506 668 ipsa
532 602 631 643 verae
644 576 791 671 sophiae
819 579 952 671 infinita
978 583 1136 645 donorum

63 657 161 830 iffw
192 665 417 750 upemenienm
439 677 592 746 qssuntnm
602 658 671 754 fas
691 662 759 753 est,
781 683 862 743 pure
883 663 926 724 de
944 679 1073 734 caetero
1086 669 1137 747 ip·

81 751 120 804 cm
136 747 214 807 eicco
235 748 345 810 Deum
369 761 401 810 et
422 749 609 812 immediate
629 749 742 828 dignis
763 744 916 834 praestet
938 752 1138 831 incognitam
1218 802 1221 816 .

68 829 374 913 immutabilemque
412 835 576 900 notitiam.
636 831 746 910 Hujus
778 829 964 896 sententiae
994 833 1137 897 altitudo

67 907 377 996 incomprehensibilis
413 913 498 978 mihi
519 915 672 985 videtur,
708 929 741 976 et
761 911 906 976 maxime
927 911 986 979 ubi
1008 914 1069 990 ait,
1105 925 1139 979 et

59 991 205 1080 flumem
222 992 401 1091 seientiam
429 1011 464 1060 et
502 1001 722 1082 ignorantium
743 998 874 1080 aequali
880 992 955 1095 fibi
974 1000 1020 1060 sni
1041 1019 1139 1082 unge-

64 1078 99 1140 ics
120 1078 260 1168 gnostica
287 1074 438 1170 scientia.
481 1085 525 1145 Et
555 1081 694 1155 merito,
727 1079 763 1144 in
785 1080 954 1166 prioribus
976 1079 1068 1146 enim
1089 1082 1139 1146 nil

65 1159 135 1224 aliud
157 1164 332 1228 videbatur
359 1163 500 1240 suaitlie,
529 1163 592 1228 niis
622 1163 775 1230 omnium
804 1185 916 1229 retum
937 1164 1140 1231 ieniibilium

65 1257 89 1306 ct
104 1242 355 1333 intelligibilium
376 1247 414 1311 in
436 1247 601 1312 unitatem
621 1249 790 1334 quandam
807 1247 1068 1324 adunationem,
1092 1249 1141 1313 ita

64 1340 92 1387 nt
112 1325 155 1390 nil
182 1330 214 1394 ie
240 1331 381 1406 arabile,
409 1331 460 1395 nil
490 1352 708 1418 corporeum,
740 1329 789 1394 nil
812 1331 945 1396 varium
964 1330 1002 1395 in
1024 1330 1071 1396 eie
1091 1353 1142 1396 re·

63 1426 188 1489 maneat;
211 1355 270 1478 iisd
291 1427 331 1477 ut
350 1413 495 1479 mirabili
516 1418 659 1502 quadam
680 1411 1142 1500 regreffioneinferioraiem·

62 1513 106 1574 per
126 1492 159 1558 in
188 1495 358 1584 superiora
388 1513 568 1562 transeant.
625 1499 727 1562 Nunc
755 1518 837 1561 vero
868 1498 978 1563 dicere
1006 1496 1143 1563 videtur

63 1575 277 1645 adunationem
306 1597 500 1645 naturarum
528 1578 791 1645 substantialium
819 1580 857 1643 in
886 1581 1063 1645 intellectu
1092 1583 1142 1647 io·

60 1657 222 1739 lnmmodo,
258 1683 330 1728 non
360 1679 471 1728 autem
493 1663 530 1728 in
551 1667 650 1732 rebus
671 1663 748 1748 ipsis
772 1664 855 1739 effe,
885 1667 952 1729 hoe
974 1663 1034 1740 est,
1068 1685 1141 1730 non

63 1761 102 1803 ees
123 1765 186 1820 res,
217 1768 306 1834 quae
336 1769 397 1833 per
425 1747 677 1835 generationem
699 1745 736 1810 in
759 1746 886 1810 diversa
908 1750 1056 1821 Genera,
1092 1747 1140 1813 di·
1188 1783 1193 1792 ⁴

59 1825 206 1913 versasque
233 1831 376 1905 fortnas,
408 1829 630 1917 infinitosque
658 1849 817 1904 numeros
844 1835 937 1910 juxta
973 1830 1142 1896 Creatoris

59 1909 302 2000 gravidentiam,
332 1911 583 2001 intelligibilem
614 1913 842 1978 sensibilemve
862 1929 1066 2001 acceperunt
1086 1935 1143 1978 vtt-

58 2006 195 2059 netatem.
237 1999 318 2061 Non
349 1996 440 2062 enim
469 1995 832 2062 alitetadunationem
861 2013 1045 2062 creatarum
1068 1996 1141 2086 sub·

59 2070 225 2143 lentiscum
260 2079 297 2142 in
321 2081 448 2167 angelis
470 2081 532 2145 elie
553 2080 796 2167 intelligimus,
825 2079 887 2143 nist
909 2083 976 2145 iola
997 2080 1143 2168 gnostica

60 2154 190 2238 scientia,
211 2183 287 2228 non
311 2178 423 2229 autem
442 2162 588 2251 ipsarum
608 2185 720 2230 rerum
742 2163 943 2228 collectione
963 2165 1000 2228 in
1015 2183 1140 2229 unum:

57 2239 235 2310 Numanum
270 2245 397 2334 quippe
424 2247 578 2311 omnium
607 2247 821 2312 conditarum
848 2246 997 2312 rationes
1027 2247 1064 2311 in
1098 2247 1144 2311 ie·
1196 2287 1198 2296 x

58 2323 179 2411 metipsis
208 2330 270 2392 iub
300 2349 371 2393 uno
402 2332 547 2415 quodam
577 2329 823 2416 intelligentiae
855 2345 973 2394 tenore
1002 2349 1143 2417 cognos-

57 2423 131 2471 cunt.
170 2413 468 2498 Quemadmodum
497 2412 533 2476 in
563 2416 705 2502 quadam
734 2412 968 2499 sapientiffima
997 2416 1143 2478 humana

58 2490 161 2566 anima,
207 2495 416 2560 diversarum
455 2496 575 2560 artium
607 2519 684 2560 una,
704 2499 887 2584 eademque
914 2495 1143 2583 inseparabilis

58 2575 186 2659 cognitio
215 2578 282 2660 en,
315 2578 364 2645 ita
392 2595 433 2642 ut
452 2579 663 2668 ignorantia,
697 2579 763 2646 five
784 2579 823 2642 in
843 2578 979 2666 Angelis
1001 2585 1089 2656 (nam
1112 2593 1146 2643 et

57 2676 153 2724 eorum
179 2664 346 2748 quondam
372 2667 528 2734 nondum
562 2663 655 2728 omni
700 2678 835 2749 urgatos
856 2662 1045 2748 ignorantia
1066 2666 1097 2728 le
1123 2661 1146 2712 '-

56 2751 126 2835 ntus)
144 2743 210 2809 five
230 2745 272 2810 in
292 2737 508 2822 hominibus,
531 2749 658 2812 nullam
676 2687 943 2842 iegregationem
962 2767 1075 2810 rerum
1098 2685 1145 2808 isl-

56 2839 126 2900 uat;
146 2827 290 2893 seientia
309 2849 390 2895 vcro
412 2829 559 2918 gnostica
580 2829 795 2894 adunationis
817 2829 911 2891 causa
935 2828 1003 2892 fiat.
1045 2829 1146 2894 Intel-

56 2905 143 2972 lectus
165 2911 261 2998 enim
281 2933 393 2977 rerum
413 2911 576 2979 veraciter
594 2913 686 3000 ipsae
708 2933 760 2974 ses
776 2911 870 2987 sunt,
894 2910 1029 2975 dicente
1046 2913 1146 2976 Sanc·

55 3002 81 3051 to
99 2991 275 3078 Dionyfio,
300 2999 454 3079 Cognitio
476 3019 582 3063 eornm
603 2993 792 3086 quaesunt,
814 3017 852 3057 ea
867 2988 1054 3097 quaesunt,
1078 2993 1147 3084 elit

56 3070 99 3166 [td
115 3076 198 3162 ipsae
219 3079 455 3166 primordiales
475 3082 549 3144 [uas
571 3081 682 3145 causas
703 3077 934 3168 rationesque,
964 3103 1001 3144 sn
1024 3082 1147 3144 aduna-

56 3169 164 3225 tionem
185 3165 359 3260 quandam
379 3164 513 3229 actione
534 3161 797 3250 intelligentiae,
821 3183 892 3226 non
915 3179 1028 3228 autem
1049 3183 1085 3226 re
1096 3160 1146 3247 ip·

56 3237 80 3334 st
102 3245 222 3346 colligi.
276 3250 398 3310 Verum
424 3247 619 3334 priusquam
649 3251 688 3310 ad
712 3249 811 3326 hujus
834 3244 1033 3331 quaestionis
1054 3248 1149 3308 theo·

56 3341 123 3389 natu
148 3329 410 3414 perveniamus,
444 3331 468 3394 fi
495 3333 537 3395 de
561 3353 600 3394 ea
621 3331 703 3418 quid
724 3329 926 3405 dicendum,
954 3329 1149 3418 praedictae

55 3407 256 3476 adunationis
291 3435 403 3479 rerum
430 3415 615 3479 secundum
641 3413 828 3478 Maximum
855 3415 981 3494 residua
1005 3413 1148 3477 dicenda

56 3489 105 3553 elli
130 3493 285 3562 arbitror.
327 3499 377 3564 Et
397 3496 499 3590 finis,
530 3497 661 3584 inquit,
700 3501 734 3559 in
762 3497 905 3564 omnibus
931 3501 985 3562 isis
1003 3509 1148 3558 creatam

56 3587 189 3642 mum
222 3603 290 3646 nort
322 3596 455 3645 erectae
473 3603 535 3665 per
555 3583 761 3646 dilectionem
784 3580 954 3672 tmiJicans.
983 3583 1033 3646 '0
1051 3581 1150 3658 mira·

56 3659 141 3724 oium
168 3685 254 3748 erga
284 3687 344 3730 uos
378 3665 513 3730 diuinae
543 3667 749 3742 alemanniae,
790 3685 887 3729 unum
916 3663 955 3728 id
983 3655 1150 3760 ipsumque

55 3739 226 3826 fflmdetu't·
234 3743 419 3843 senensium
439 3748 585 3816 habitum
647 3753 740 3815 etiae
759 3761 853 3811 totus
870 3751 964 3814 homo
984 3761 1057 3814 toto
1077 3747 1147 3810 wti-

57 3824 214 3920 versuum
241 3833 387 3900 matteas
408 3836 511 3911 Deo,
542 3849 576 3899 et
616 3847 720 3900 aenis.
765 3835 868 3899 Omne
878 3830 1046 3923 siquidem
1066 3831 1150 3902 diti*

57 3915 100 3973 ‘W
118 3929 261 4000 propter
279 3916 534 4020 stmilitudinem
549 3914 734 4008 Jemnduns
762 3911 947 4008 effentium,
981 3931 1016 3983 et
1043 3929 1148 3982 totum

57 3989 143 4083 ipsene
168 4004 362 4084 accipiam
380 4041 382 4046 ·
402 4007 442 4069 ab
470 4003 544 4094 ipio
569 4002 731 4072 videlicet
757 4007 837 4070 Deo
862 4004 990 4080 Decem,
1029 4011 1149 4085 utpote

54 4073 136 4162 finem
161 4107 275 4148 eonem
293 4109 377 4173 quine
397 4102 585 4164 mouentur,
614 4088 788 4165 motionic‚·
822 4100 856 4149 et
866 4087 1000 4181 statim
1010 4085 1147 4178 firmum

59 4162 338 4258 immutabilemque
365 4195 472 4241 eorum
501 4193 586 4261 quae
603 4165 764 4266 seruntur
785 4177 819 4238 in
841 4172 961 4264 ipsum,
991 4183 1025 4235 et
1044 4169 1147 4236 onmis
