2922 4978
125 212 235 278 Γ
377 179 765 334 Ϋιιιινοιωιιι
1091 240 1266 320 aaa·

66 429 348 508 monoceron
381 451 514 501 carrum
550 455 677 510 meam.
717 449 752 502 et
788 430 938 501 biberint
972 430 1168 519 sanguinem
1265 449 1268 456 ’

65 537 197 591 meum.
225 515 508 585 annumeratur.
523 516 626 588 vitan
649 531 845 584 aeternam·
871 517 952 580 Erat
972 538 1006 580 cr
1030 537 1050 578 o
1073 515 1186 614 pauit.

66 599 189 688 aliquia
218 601 260 666 de
293 619 361 686 qao
381 617 595 688 praeceperat
615 605 708 668 Deua
727 602 896 674 edendum
916 539 1059 686 pararlisr
1079 620 1172 664 ruco·

64 683 115 750 lia.
159 682 245 770 Quia
266 679 351 748 illel
373 683 495 772 decipe
517 707 617 771 quem
640 685 746 752 dicate
783 687 928 756 Panem,
950 681 1082 768 inquit,
1105 684 1170 747 dn·

65 767 218 855 geloruua
242 766 459 837 manducarit
476 770 591 836 homo.
635 769 690 834 aa
711 767 801 834 enim
822 769 932 832 bonur
952 763 1066 851 panis,
1088 764 1172 832 fisa·

63 851 133 916 ciac
163 851 374 935 voluntatem
404 850 480 917 Dei.
521 853 577 920 Via
610 853 694 922 loire
716 852 790 940 quia
812 853 922 914 bonua
943 846 1065 935 panici
1098 847 1172 935 Ipsa

63 933 155 1002 filim
175 936 357 1000 manducat
377 939 470 1000 hunc
487 957 631 1021 panem,
655 938 697 1000 de
719 934 872 1022 quoait:
893 934 989 996 Meua
1004 929 1098 1028 cibua
1116 931 1171 1007 est,

63 1033 103 1082 ur
125 1016 249 1084 faciam
268 1020 476 1088 voluntatem
497 1019 599 1104 patria
620 1018 714 1094 mei,
760 1018 797 1084 ui
820 1018 863 1082 eu
884 1017 919 1082 iu
943 1016 1078 1080 coelia.”
1119 1018 1173 1081 ln-

64 1103 171 1197 tende
198 1102 329 1185 qualem
352 1101 464 1168 cibum
486 1102 631 1168 summus
652 1041 804 1190 magiler
824 1104 965 1174 edocet,
994 1118 1095 1184 quom
1116 1120 1172 1184 pa·

63 1183 163 1249 radrfi
186 1183 307 1250 incolia
329 1187 497 1252 edendum
520 1187 686 1253 Dominus
708 1183 895 1273 praecepit,
927 1202 998 1248 non
1020 1201 1173 1266 corpora·

62 1267 132 1332 lem
156 1282 190 1332 ea
210 1269 479 1354 corruptibilem.
503 1271 558 1338 led
581 1269 810 1357 spiritualem.
834 1266 899 1332 Dei
919 1264 1173 1332 verbumaidc·

62 1349 147 1414 licet
181 1354 318 1437 ejusque
347 1354 566 1421 voluntatem.
609 1358 651 1420 D.
674 1353 913 1419 Animadverto
934 1350 1099 1434 valdeque
1119 1347 1174 1414 ad·

62 1430 170 1498 miror
205 1451 369 1519 quantum
399 1435 589 1502 intellectui
623 1435 777 1524 Gregorii
806 1431 974 1519 Theologi
1004 1430 1173 1520 congruit.
1299 1505 1302 1514 ¹

65 1515 126 1602 qui
148 1517 273 1603 etipse
297 1535 337 1582 ut
357 1519 508 1604 superius
531 1520 745 1596 dictumest,
768 1519 874 1586 cibum
886 1513 1172 1607 fructumquepo·

63 1611 196 1682 tumque
213 1597 428 1696 spiritualem
458 1618 559 1689 atqua
584 1605 833 1670 intellectualem
862 1596 1013 1702 porodlfi
1046 1593 1111 1692 ff
1129 1604 1176 1664 irt-

65 1699 260 1750 cunctanter
294 1682 419 1779 affinia.
469 1689 574 1753 Porro
606 1689 631 1754 fi
661 1687 756 1756 cibaa
776 1687 916 1775 paradifi
939 1682 1125 1771 spiritualia,
1141 1698 1176 1747 er

64 1762 291 1855 intelligibilia
313 1772 373 1848 cll,
397 1771 576 1838 necess'ario
596 1772 764 1860 sequitur,
788 1787 826 1836 ur
847 1786 881 1836 et
900 1767 986 1836 illud
1000 1788 1100 1864 omne
1114 1766 1175 1914 liq-

63 1873 150 1916 num
173 1857 270 1932 cujac
292 1854 421 1920 fructur
443 1855 538 1922 cibur
555 1854 616 1920 'ille
639 1857 682 1920 eil
703 1854 932 1922 intellectuale
953 1870 987 1919 et
1001 1851 1175 1938 spiritura

64 1933 286 2022 intelligatur.
340 1940 418 2004 Non
453 1937 545 2006 eninr
577 1942 620 2004 de
647 1959 810 2025 corporeo
838 1935 1049 2022 sensibilique
1079 1935 1175 2020 ligno

62 2017 286 2115 incorporeae
306 2021 600 2110 intelligibilisque
619 2023 748 2088 fructur
769 2021 862 2087 nacci
884 2019 1045 2087 credibile
1069 2018 1112 2084 all
1141 2029 1177 2082 ct

62 2105 191 2166 rationi
219 2127 331 2172 rerum
361 2108 582 2173 conveniens.
623 2110 727 2174 Porro
755 2107 779 2171 fi
807 2121 842 2170 et
869 2105 1000 2170 fructur
1028 2117 1062 2167 et
1081 2101 1176 2188 ligna

63 2183 250 2266 spiritualia
274 2189 366 2265 suut,
391 2213 508 2258 uonne
530 2193 738 2278 consequent
761 2183 1175 2266 att.·uretlocuai11eiu

65 2289 135 2353 quo
156 2270 348 2349 subsistunt,
372 2275 663 2361 concorporalia,
687 2277 742 2340 sed
787 2273 916 2338 rosecto
940 2269 1120 2358 spiritualia
1143 2282 1178 2332 et

9 2383 11 2388 ·
63 2355 221 2417 credatur
251 2371 285 2420 et
314 2375 548 2446 cognoscatur.
593 2361 640 2422 Μ.
677 2299 895 2444 Οοιιᾶφιοιιι
916 2353 1053 2442 quidem
1075 2367 1109 2418 et
1128 2373 1179 2416 ra·

65 2433 172 2502 tionia
192 2439 352 2524 plenum,
375 2456 409 2505 et
429 2440 565 2507 veritati
588 2441 802 2507 simillimum.
847 2441 914 2504 Sed
938 2453 979 2502 ut
999 2439 1065 2502 hoc
1082 2453 1177 2582 prae·

65 2517 127 2583 fati
149 2520 271 2606 patria,
302 2525 464 2590 Ambrofii
486 2525 581 2600 dico.
614 2524 810 2591 inconcusso
831 2519 1020 2587 testimonio
1041 2539 1080 2582 ro

1105 2537 1177 2600 ore·
1286 2535 1287 2545 ¹

65 2617 122 2666 tur
143 2602 226 2689 quid
246 2605 257 2667 i
285 2606 318 2671 se
343 2611 482 2676 deloco
503 2608 661 2694 paradisi,
687 2612 795 2694 deque
816 2607 886 2670 fere
908 2602 1065 2669 omnibua
1089 2620 1177 2687 quaa
1295 2627 1299 2654 ι

64 2687 102 2750 in
126 2684 200 2771 ipso
222 2709 240 2750 e
266 2711 285 2756 e
308 2690 425 2756 divina
446 2708 558 2756 narrat
578 2692 731 2768 historia,
764 2690 801 2754 in
822 2687 972 2776 praefato
994 2686 1053 2750 suo
1076 2705 1190 2771 opere¹

67 2769 249 2856 scripserit,
274 2773 440 2840 intentius
462 2775 664 2842 intueamur.
710 2776 848 2851 „Pleroa
872 2793 932 2846 ue,
962 2774 1085 2868 inquit,
1107 2787 1178 2832 mo·
1229 2799 1232 2818 ¹

65 2870 127 2918 vet
147 2854 206 2942 qui
229 2857 426 2944 diligentius
447 2858 642 2934 intuentur,
665 2861 836 2946 quomodo
894 2855 1070 2941 velpnmo
1087 2872 1177 2937 mag·
1200 2880 1203 2891 v

66 2959 151 3002 nuru
173 2961 298 3006 munuc
319 2943 383 3007 Dei
407 2943 475 3008 suit
496 2944 583 3008 circa
604 2944 771 3017 homines,
787 2957 828 3006 ut
847 2940 885 3005 in
905 2935 1057 3025 paradiso
1076 2937 1179 3001 collo-

68 3037 244 3102 carentum
268 3029 321 3090 rel
343 3027 454 3112 postea
475 3049 674 3114 magnorum
695 3020 923 3091 remuneratio
945 3019 1179 3088 elsuvidcatur

68 3107 286 3183 meritorum,
323 3126 363 3173 ur
390 3114 432 3175 ad
459 3110 649 3199 paradisum
679 3110 782 3192 julina
812 3105 1044 3205 unusquisque
1070 3102 1178 3250 rapia-

71 3211 136 3256 rur.
175 3192 351 3258 Dicuntur
380 3195 480 3260 etiam
509 3195 647 3270 belliue,
677 3210 712 3259 et
738 3213 972 3280 permagni,
1007 3204 1041 3252 et
1059 3201 1179 3252 roatr·

71 3275 116 3340 lia
138 3277 224 3340 coeli
247 3277 283 3341 in
306 3279 456 3376 paradiso
479 3278 583 3342 luisse.
616 3281 714 3344 Unde
734 3275 886 3365 plerique
907 3271 1094 3361 paradisum
1109 3269 1179 3334 ani·

67 3381 159 3424 marn
189 3362 337 3426 hominu
368 3363 430 3424 elle
452 3362 650 3436 voluerunt,
682 3361 806 3446 inqua
827 3357 993 3422 virtutum
1015 3357 1177 3442 quaedam

68 3443 697 3594 {5¹¹3}ltrl2¹¹l¹iffl¹i¹irl3ss³¹zai
718 3457 882 3593 'litte‘
898 3442 1179 3590 illul&

281 3553 303 3592 n
353 3553 387 3592 m
864 3572 874 3598 ,
1044 3569 1054 3596 ,

69 3627 137 3674 tem
174 3611 341 3688 hominia,
371 3551 467 3692 cupae
488 3611 596 3677 virtue
617 3551 763 3682 animpm
785 3607 1094 3674 videtur-excolere
1116 3625 1180 3668 nec

69 3695 176 3759 solum
202 3699 370 3768 excolere.
393 3695 571 3762 sedetiam
595 3716 672 3760 cum
695 3693 889 3766 excoluerit,
913 3689 1086 3756 custodire.
1119 3691 1181 3753 Be·

67 3777 147 3840 stiae
168 3795 280 3844 autem
305 3779 393 3868 agri.
418 3794 453 3843 ct
472 3778 624 3844 volatilia
645 3777 731 3844 coeli
754 3796 840 3924 quae
860 3778 1032 3841 ducuntur
1046 3773 1181 3869 adddu-

68 3883 184 3936 mruu,
217 3862 319 3928 nostri
344 3863 589 3928 irrationabiles
620 3877 734 3926 motus
770 3868 851 3934 unt,
886 3879 926 3924 eo
948 3860 1040 3945 quod
1061 3855 1181 3920 bestrae

69 3945 124 4008 rel
156 3965 295 4030 pecora,
329 3949 493 4034 quaedam
521 3946 668 4011 diversae
698 3945 771 4008 fint.
790 3963 971 4029 corporeae
1004 3937 1179 4026 pallioner⁹

70 4029 125 4092 rel
147 4030 429 4104 turbulentioree.
464 4031 518 4096 vel
535 4029 644 4094 ’etiam
665 4023 905 4114 languidiorem
950 4023 1103 4088 Volatilia
1125 4041 1215 4083 au·-
1272 4059 1275 4066 ι

71 4127 142 4176 tem
163 4110 252 4178 coeli
274 4111 357 4210 quid
378 4111 471 4178 aliud
486 4112 713 4185 aestuamur,
734 4109 798 4174 nisr
813 4108 931 4173 inance
945 4105 1179 4204 cogitationem

68 4217 155 4281 quae
188 4193 378 4262 volatrlium
404 4217 498 4264 ruore
520 4197 664 4288 nostram
684 4193 929 4261 circumvolant
949 4211 1114 4266 animam,
1145 4187 1197 4254 et'
