2912 4978
162 269 167 276 '
281 263 342 340 84
521 207 541 223 Γ
613 257 870 338 delinitione
886 255 1060 379 omae.

280 463 340 518 aus
365 443 495 536 ,uum
519 439 716 538 aueum.
732 444 982 630 tammam,
1013 413 1051 512 «ι’
1070 442 1393 550 ammaum

284 527 381 628 eeffio
400 534 643 618 operationum,
666 545 701 597 et
721 533 858 616 euripo
879 535 1017 598 omnium
1062 535 1218 599 marmio.
1248 531 1394 598 Fltcoei·

283 619 345 686 des
371 640 465 693 uero,
499 617 536 680 id
565 615 633 718 ‘st‘
662 615 810 702 obiiquus
868 616 1007 681 atauo
1031 553 1088 704 ἴου
1106 616 1297 699 porrderalt's
1312 636 1394 698 pro·

283 696 398 808 eeffio,
420 714 455 766 et
464 691 598 803 fortilca
612 697 747 796 fleme
764 722 827 785 quo
876 713 985 801 aretem
996 687 1329 800 secrmdrtmneyelum,
1352 699 1392 763 id

284 783 413 946 {iffi
441 799 479 932 ἕξ
507 785 673 964 ἵῗέῗηῖ
688 783 1300 962 i‘{ffi⁰,5?5.²5352³.5.2‚⁶2’3².‘355s‘35.
1314 805 1391 930 ⁶⁰13:

246 993 248 998 .
285 953 382 1020 Ordo
413 948 538 1038 exigit,
569 967 610 1031 ut
628 949 748 1027 video,
777 965 819 1015 ut
837 951 973 1016 brevem
994 947 1262 1037 complexionem
1285 952 1393 1014 deco

285 1038 378 1124 quod
399 1055 514 1121 agere,
551 1046 586 1098 et
608 1031 681 1122 pati
703 1034 761 1097 seu
780 1034 909 1110 iacere,
944 1048 979 1098 et
999 1032 1072 1098 fieri
1094 1035 1137 1097 de
1157 1035 1232 1097 Deo
1252 1031 1393 1119 proprie

283 1115 477 1220 praedicare
504 1136 606 1184 nemo
632 1117 742 1182 valeat
762 1115 840 1183 colli
865 1123 918 1216 aa,
956 1131 989 1182 et
999 1117 1052 1217 ,fic
1072 1113 1255 1181 terminum
1274 1115 1394 1212 libello

282 1221 450 1352 32⁰2&
466 1201 848 1372 diffide&
869 1200 1176 1370 foetidos.
1190 1198 1395 1369 trinit}

284 1366 331 1434 est
351 1379 387 1432 et
405 1365 486 1443 elie,
509 1378 545 1430 et
565 1386 679 1454 agere,
703 1381 737 1430 et
755 1367 885 1443 faceret
908 1387 980 1431 uon
1002 1363 1093 1431 enim
1113 1363 1236 1450 recipit
1254 1363 1394 1449 implet

283 1465 405 1518 uatura
427 1447 638 1514 intellectum
658 1448 866 1514 Substantiae
885 1463 921 1514 et
942 1447 1189 1516 occidentium.

346 1543 399 1612 no.
427 1532 472 1595 D.
500 1533 695 1598 Inconcuffe
721 1532 860 1618 quidem
895 1532 984 1597 dedi.
1025 1533 1074 1597 Μ.
1096 1535 1141 1597 Ut
1160 1527 1267 1618 igitur
1286 1529 1329 1593 de
1351 1547 1395 1596 eo

284 1610 497 1704 praedicatur
518 1613 600 1691 effe,
623 1617 704 1680 dum
723 1636 795 1680 non
816 1617 856 1680 fit
875 1613 1012 1704 proprie
1033 1615 1115 1692 effe,
1140 1611 1301 1700 quoniam
1313 1613 1396 1710 ρὶῑιι

285 1698 331 1764 ast
352 1717 453 1784 quam
474 1697 558 1774 effe,
580 1712 615 1763 et
634 1698 731 1763 causa
752 1696 863 1763 omnia
886 1699 948 1764 effe
969 1713 1004 1762 et
1024 1694 1196 1773 essentiae,
1217 1693 1266 1760 ita
1289 1711 1396 1761 ettam

285 1783 329 1848 de
359 1801 401 1845 eo
431 1777 556 1846 dititur
584 1801 681 1868 agere
702 1795 737 1845 et
756 1781 887 1857 facere,
917 1783 996 1846 dum
1016 1783 1057 1846 fit
1076 1783 1152 1867 plur
1195 1801 1275 1844 uam
1294 1798 1395 1865 agere

286 1878 322 1930 et
346 1862 476 1939 faeere,
510 1878 547 1929 et
572 1864 670 1928 causa
689 1862 843 1929 omnium
864 1863 1011 1929 faciendi
1033 1879 1068 1928 et
1088 1886 1106 1928 a
1130 1803 1210 1928 endi
1231 1862 1300 1926 iiue
1319 1862 1395 1926 ullo

285 1961 404 2022 motu,
434 1943 494 2032 qui
523 1945 709 2012 seeundum
737 1946 893 2022 accident
919 1943 1018 2033 poffit
1037 1946 1110 2012 inte
1138 1943 1183 2032 'gi
1204 1945 1303 2031 super
1323 1964 1396 2009 om·

282 2050 365 2096 uem
384 2040 537 2105 maturat
560 2029 714 2096 omnium
735 2051 881 2118 namque
901 2047 1078 2108 motuum,
1100 2026 1321 2114 ommiumque
1342 2047 1397 2093 ao·

117 2120 119 2127 '
237 2161 241 2170 ,
284 2110 498 2194 eidentium,
519 2113 604 2176 ficut
627 2125 662 2177 et
683 2112 836 2178 omnium
859 2112 1083 2189 edentiamm,
1107 2113 1204 2178 causa
1226 2111 1270 2175 eo
1291 2125 1397 2197 atque

283 2191 503 2296 principium.
526 2196 571 2259 D.
593 2196 639 2259 Et
657 2197 725 2260 hoc
743 2193 976 2261 indubitanter
987 2194 1210 2262 concefferim.
1232 2195 1283 2258 M.
1297 2193 1396 2280 Quid

281 2275 390 2364 agitur
413 2275 508 2342 aliud
520 2276 636 2360 restat3
671 2278 735 2343 niu
754 2293 796 2343 ut
816 2277 984 2366 intelligar
1005 2278 1147 2346 omnino
1165 2277 1295 2342 necelie
1315 2277 1393 2353 effe,

282 2372 325 2426 ut
344 2362 628 2448 quemadmodum
647 2363 687 2426 ab
707 2359 781 2448 ipio
803 2377 837 2426 et
857 2363 937 2436 effe,
960 2377 995 2426 et
1007 2383 1121 2450 agere,
1145 2375 1180 2428 et
1192 2361 1407 2448 facerepro·.

282 2439 359 2532 prie
379 2443 549 2519 aufertun
579 2443 627 2508 ita
648 2459 683 2508 et
705 2442 778 2532 pati
800 2460 835 2510 et
853 2438 928 2510 fieri
949 2443 1127 2510 auferatur.
1172 2445 1275 2531 Quod
1297 2442 1394 2508 euim

281 2545 385 2614 agere
416 2540 451 2591 et
474 2525 584 2591 iacere
611 2546 683 2591 uon
704 2525 773 2593 reci
799 2526 845 2603 it,
877 2532 1046 2614 quomodo
1068 2525 1139 2615 pati
1160 2541 1195 2594 et
1215 2526 1288 2593 fieri
1308 2525 1394 2591 reei-

282 2629 389 2760 ffin
397 2604 723 2760 {effictouougideo
800 2654 811 2676 .
830 2608 913 2698 rige
932 2609 1076 2680 limitem
1095 2609 1198 2688 libri,
1230 2609 1280 2678 iat
1299 2607 1395 2676 enim

514 2713 571 2780 mp
627 2713 697 2760 um.

680 2867 998 2892 —n—-n—-flfl

473 2925 723 3079 ‘urnula
758 2962 1181 3082 suouuuus.
1287 3005 1293 3016 ·

287 3195 317 3240 ι.
338 3175 389 3241 Μ.
413 3179 553 3328 Quum
580 3181 617 3247 in
648 3181 810 3270 superiori
838 3181 925 3252 libro
959 3183 1002 3252 de
1021 3181 1223 3251 Universalia
1242 3184 1393 3252 Naturae

501 3263 681 3362 universali
717 3266 879 3334 divifioue
900 3273 985 3350 (nou
1006 3269 1095 3356 quasi
1116 3267 1247 3356 gatteria
1266 3266 1306 3333 in
1327 3270 1395 3334 ior·

212 3406 224 3424 ⁸
283 3359 375 3417 mat,
407 3339 466 3406 seu
494 3359 598 3411 totmt
628 3369 666 3411 tn
694 3364 823 3436 partem
856 3372 928 3417 nou
956 3348 1048 3418 euim
1075 3355 1168 3416 Deua
1200 3353 1314 3417 Genua
1349 3351 1396 3418 est

285 3423 486 3504 creaturae,
507 3449 573 3494 neo
597 3429 758 3496 creatura
777 3433 904 3520 speciae
925 3433 1012 3511 Dei,
1034 3435 1118 3500 ficut
1139 3435 1300 3501 creatura
1320 3453 1396 3500 non

285 3505 346 3604 est·
359 3527 465 3594 genua
484 3511 569 3590 Dei,
604 3535 716 3602 neque
736 3517 829 3582 Deua
850 3517 976 3606 species
998 3519 1158 3583 Creturae
1179 3519 1239 3583 este
1275 3519 1397 3585 eadem

273 3605 371 3686 ¹ratro
399 3592 444 3656 est
477 3592 516 3660 iu
537 3609 610 3662 toto
632 3611 667 3661 et
686 3597 855 3685 partibua,
888 3605 981 3666 Deue
1003 3601 1026 3664 fi
1050 3599 1164 3666 uidem
1185 3621 1257 3666 nou
1279 3599 1324 3664 est
1345 3615 1395 3666 to-

282 3685 359 3738 tum
381 3673 577 3755 creaturae,
608 3701 720 3769 neque
741 3681 901 3747 creatura
921 3705 996 3771 pare
1050 3681 1101 3761 ei,
1134 3685 1306 3772 quomodo
1327 3705 1395 3750 nec

283 3753 446 3823 creatura
475 3762 520 3826 est
544 3776 655 3828 totum
682 3761 767 3840 Dei,
799 3786 912 3853 neque
938 3788 1013 3854 pare
1035 3767 1216 3833 Creaturae
1237 3764 1394 3854 quamvia

282 3836 396 3936 altiori
415 3843 546 3909 theoria
564 3849 658 3926 juxta
672 3846 871 3934 Gregorium
884 3849 1097 3936 Theologum
1105 3872 1186 3936 pars
1196 3847 1393 3942 Deistmus,

285 3939 345 4022 qut
366 3924 547 3992 humanam
569 3927 807 4015 participamur
827 3945 992 4009 neutram,
1019 3937 1170 4018 quoniam
1189 3939 1225 4000 in
1247 3927 1320 4018 ipso
1341 3938 1392 4000 ui-

281 4023 406 4080 vamus,
429 4007 795 4106 moveruur'etsumuu
827 4015 1122 4104 metaphoriceque
1140 4022 1235 4084 Deua
1257 4019 1391 4084 dicatur
1420 4088 1437 4114 .

284 4099 321 4150 et
346 4089 479 4168 Genua,
508 4106 544 4157 et
561 4095 705 4172 Totum,
733 4109 768 4160 et
789 4095 811 4160 S
837 4095 942 4175 eeiea,
974 4115 1009 4166 et
1026 4101 1127 4166 Parta
1163 4105 1274 4168 Omne
1296 4101 1391 4168 euim

283 4171 376 4255 quod
404 4171 442 4242 iu
469 4172 544 4263 ipso
570 4191 606 4245 et
635 4187 677 4246 e'x
695 4175 769 4265 ipro
838 4225 850 4260 ,
880 4179 938 4270 pie
957 4204 998 4252 ae
1017 4182 1262 4254 rationabiliter
1282 4187 1327 4255 de
1347 4205 1388 4254 eo
