2922 4978
397 291 403 302 ’
496 273 602 345 Liber
623 273 807 391 Quorum
1119 277 1193 349 421

93 466 202 520 rerum
221 454 386 521 factarum
407 455 643 544 proprietatem
654 459 878 548 'accipiuntur
887 507 901 542 ,Α
928 476 962 528 et
983 469 1211 551 tamen·pro-'

91 538 259 624 pheticam
280 537 433 624 flagitant
452 538 677 608 intentionem
701 546 832 609 sanctire
852 545 1052 633 Augustinus
1073 547 1109 610 in
1129 569 1191 612 un·

93 620 235 685 decimo·
258 621 465 687 Hexaemeri-
481 625 530 688 sui
553 628 757 692 testatarbie
777 625 903 694 verbio:
936 629 1050 713 „Quia
1072 628 1189 694 andilli

88 722 209 770 vocem
230 703 378 770 mulieris
399 723 493 784 tuae,
517 725 551 774 et
572 709 664 774 edisti
689 714 730 777 de
748 711 842 799 ligno
865 715 907 777 de
928 731 1189 812 quopraecepe·

88 807 160 850 rain
181 783 245 850 tibi
265 789 308 852 de
330 808 368 852 eo
392 790 460 855 solo
482 813 552 855 non
575 797 690 868 edere,
712 795 888 860 maledicta
913 810 998 858 terra
1021 817 1059 858 iii
1081 796 1188 882 operi·

86 871 152 934 bue
182 870 260 934 tuis.
307 875 344 934 ln
376 871 514 938 tristitiis
544 877 731 960 edea'illam
754 900 873 943 omnea
892 877 963 942 dieii
982 878 1074 942 vitae
1093 893 1188 944 tuae:

87 953 104 1014 s
126 952 200 1016 inii
231 968 266 1016 et
292 954 433 1020 tribulor
461 961 539 1022 edet
567 959 639 1024 tibi.
682 963 726 1023 Et
753 963 995 1026 edee'soenuiii
1024 961 1115 1047 agri,
1149 962 1186 1026 iii

100 1039 209 1102 udore
236 1035 333 1100 saciei
359 1054 435 1103 tuae
460 1045 537 1106 edei
558 1065 680 1129 panem
703 1059 819 1119 tuum,
856 1047 964 1116 donec
985 1044 1188 1109 convertaris

83 1118 124 1182 in
158 1133 276 1182 terrani
307 1143 346 1184 cx
368 1143 433 1209 qua
451 1126 581 1190 sumtoe
603 1148 655 1192 ei:
688 1129 765 1215 quia
785 1143 872 1191 terra
894 1149 928 1191 ei
951 1128 1044 1191 etin
1067 1141 1188 1191 terram

83 1200 162 1265 ibii.
207 1205 281 1266 Hoc
311 1203 425 1291 inquit
461 1209 523 1272 elle
553 1209 590 1274 in
620 1225 704 1274 terra
733 1213 860 1276 laboret
882 1210 1021 1276 hnmani
1044 1209 1185 1297 generis,

85 1283 164 1372 qiiis
184 1283 343 1371 ignorati
366 1292 410 1351 Et
429 1291 510 1378 qaia
530 1314 600 1357 non
623 1294 741 1374 essent,
764 1295 787 1358 si
808 1293 949 1358 felicitae
971 1313 1056 1380 quae
1076 1292 1113 1357 in
1129 1315 1186 1378 pa-

82 1367 193 1431 radiso
228 1369 337 1432 suerat
357 1375 546 1452 teneretur,
577 1397 645 1439 non
670 1379 712 1440 esi
732 1378 851 1464 utique
873 1377 1114 1451 dubitanduni·;
1147 1395 1186 1441 ac

83 1471 148 1536 per
179 1454 245 1515 boc
266 1452 365 1518 etiam
388 1458 521 1544 proprie
542 1464 642 1523 verba
662 1465 745 1524 haec
765 1459 920 1546 primitur
943 1460 1093 1544 accipere
1114 1479 1185 1522 non

82 1533 216 1618 pigeat,
238 1535 398 1602 servanda
420 1556 529 1604 tamen
556 1541 600 1606 est
621 1559 654 1608 ct
675 1546 879 1628 expectanda
900 1541 1185 1630 significatiopro·

4 1635 5 1642 ¹
80 1615 219 1702 phetica
248 1641 350 1704 quani
379 1624 524 1689 maxime
552 1627 609 1690 hic
628 1626 780 1690 intuetur
800 1627 865 1691 Dei
885 1625 1054 1713 loquentia
1075 1625 1186 1689 iiiteii·

82 1698 168 1763 tio.”
211 1700 354 1767 Videsne
385 1712 555 1790 quomodo
590 1711 683 1787 iubet
712 1715 805 1775 hurtc
825 1712 938 1775 locum
957 1710 1066 1773 sacrae
1087 1707 1186 1852 scrip·

80 1797 178 1846 turae
208 1798 243 1848 et
270 1787 405 1872 proprie
436 1807 469 1854 et
496 1791 636 1878 figurate
665 1793 798 1879 accipis
832 1795 897 1858 Sed
926 1791 1009 1879 quid
1032 1793 1105 1855 vult
1125 1791 1183 1855 ila

80 1865 190 1952 ligura
211 1889 250 1952 pr
298 1867 431 1947 betica,
467 1873 504 1938 in
525 1877 674 1960 praefato
696 1877 754 1940 suo
774 1875 884 1951 libro,
919 1897 989 1939 noii
1015 1876 1181 1960 explanat.

81 1949 150 2012 Sed
172 1950 194 2013 si
217 1973 277 2036 exp
293 1971 421 2030 arraret,
447 1957 586 2021 fortassis
607 1960 706 2024 nobie
730 1957 910 2033 sufficeret,
932 1981 997 2022 nec
1018 1960 1115 2021 aliam
1129 1977 1183 2019 ex·

80 2031 284 2118 positionem
305 2057 547 2121 quaereremur.
596 2045 673 2106 Non
695 2055 806 2107 autem
828 2043 993 2140 explanat.
1038 2043 1183 2126 Quaera-

78 2137 156 2180 iiiiiii
176 2116 190 2178 i
216 2115 282 2180 'tur
301 2121 465 2199 breviter,
487 2128 561 2189 Deo
585 2128 690 2200 duce,
714 2125 796 2212 quid
818 2127 878 2191 sibi
899 2127 1020 2190 volunt
1040 2121 1118 2188 talia
1135 2121 1182 2187 di·

76 2197 155 2262 vini
184 2200 310 2298 eoquii
339 2208 451 2270 rerba.
493 2211 537 2271 D.
573 2211 797 2293 Quaeramui;
831 2231 902 2274 non
933 2207 1024 2272 enini
1054 2207 1181 2304 intacta

76 2289 375 2368 praetermittenda
398 2288 486 2354 sunt.
530 2293 579 2355 M.
601 2291 768 2367 Sufficiat,
802 2308 842 2355 ut
863 2290 1023 2365 arbitror,
1047 2293 1088 2354 de
1109 2291 1182 2352 tali·

77 2369 143 2430 bue
163 2368 409 2452 responsionem
431 2372 519 2436 beati
541 2374 680 2438 Maximi
701 2375 862 2439 Monachi
883 2395 1018 2460 ponere.
1060 2375 1125 2436 Sed
1140 2386 1181 2435 ut

77 2449 227 2535 apertiua
256 2451 325 2550 ipsa
352 2455 518 2541 responfio
538 2458 696 2544 patefiat,
728 2460 877 2538 ejusdem
902 2455 1083 2521 sciscitatio
1104 2476 1182 2542 pro·

76 2535 238 2632 ponenda
268 2534 321 2599 est.
364 2542 406 2600 D.
436 2538 539 2604 Aliter
571 2541 643 2604 sieri
667 2563 736 2605 nori
759 2556 902 2628 oportet.
945 2541 993 2602 M.
1014 2535 1181 2622 Proponit

75 2633 194 2702 itaque
222 2615 259 2679 in
281 2618 401 2703 quinto
421 2622 622 2688 scholiorum
643 2625 793 2710 capitulo
814 2627 880 2687 lioc
901 2638 1032 2708 pacior,
1057 2623 1179 2704 „Quae

76 2699 117 2763 sit
143 2699 320 2764 maledicta
350 2719 434 2768 terra
461 2707 497 2770 in
528 2707 683 2793 operibus
716 2707 833 2770 Adimi
856 2707 1038 2768 secundum
1060 2723 1181 2789 anago-
1229 2769 1234 2791 Ι
1302 2719 1307 2726 ·

76 2804 164 2870 gen,
179 2789 223 2847 'et
241 2783 323 2868 quid
344 2785 380 2850 in
405 2788 541 2855 tristitiis
562 2812 634 2854 eam
656 2793 848 2862 comedere,
871 2802 907 2852 et
927 2785 1091 2874 quidposl
1106 2805 1182 2870 gere

60 2865 302 2931 minationem
334 2869 502 2955 spinarum
531 2873 797 2959 tribulorumque
827 2873 963 2936 herbam
990 2870 1176 2942 comedere,
1250 2901 1257 2912 ·

76 2966 113 3014 et
133 2950 297 3036 postremo
320 2953 402 3037 qnid
423 2955 459 3020 in
486 2957 604 3020 sudore
624 2960 737 3021 vulturi
758 2955 807 3019 sui
829 2975 951 3041 panem
977 2949 1178 3018 comederes

75 3037 127 3097 Et*
142 3033 276 3120 quidem
299 3043 471 3122 nimquam
492 3040 580 3102 visus
603 3041 645 3101 eii
666 3045 768 3103 homo
793 3056 911 3102 terrain
925 3039 1179 3133 comederunt·

76 3139 146 3204 que
174 3121 326 3183 herbam:
357 3143 468 3208 neque
523 3145 618 3185 anem
642 3127 880 3186 manducantes
900 3127 992 3201 juxta
1011 3123 1177 3200 judicium

75 3201 231 3265 historiae
252 3205 288 3265 iii
310 3204 429 3273 sudore
449 3147 561 3270 vuitus
584 3211 776 3270 comedunt.
821 3205 1000 3290 Responsio
1024 3203 1093 3288 ipsa
1112 3216 1177 3264 ter·
1279 3241 1287 3259 ·

75 3307 111 3347 ra
142 3286 318 3349 maledicta
339 3285 374 3348 in
398 3288 554 3374 operibus
576 3290 691 3353 Adurni
714 3312 790 3354 caro
813 3291 855 3352 eil
881 3287 1014 3360 Adami,
1048 3287 1176 3373 semper

75 3368 166 3432 sacta
186 3379 247 3453 per
267 3389 366 3454 opera
388 3371 515 3437 Atlanti.
549 3375 634 3436 Dico
658 3390 767 3436 autem
790 3371 951 3458 passionei
972 3389 1177 3458 cognoscen-

73 3450 121 3515 tis
152 3451 257 3514 aniiiii
288 3455 464 3520 maledicta
492 3456 656 3519 virtutum
683 3455 788 3519 veluti
820 3454 1013 3519 divinorum
1034 3471 1177 3537 operum

73 3535 113 3598 in
145 3535 373 3601 fructuositate
409 3559 506 3623 quani
539 3561 618 3610 ¹cuni
650 3539 815 3601 anxietate
841 3539 947 3601 multa
979 3534 1176 3618 tristitiaque
1239 3533 1245 3550 ⁸

73 3617 241 3694 comedit,
264 3619 357 3683 brevi
374 3621 557 3685 secundum
571 3621 672 3707 ipsam
688 3619 1056 3706 voluptatepersruena.
1079 3619 1176 3712 Qpae
1245 3675 1248 3683 ,
1276 3675 1282 3694 x
1345 3677 1348 3684 i

74 3719 154 3766 caro
181 3723 243 3787 pro
265 3703 334 3788 ipsa
356 3704 566 3789 corruptibili
587 3705 791 3790 perfruentia
811 3701 977 3790 germinat
996 3700 1028 3798 ei
1051 3712 1175 3784 cogita·

72 3785 188 3849 tiones
211 3802 244 3848 et
265 3807 377 3860 curae,
399 3786 505 3851 veluti
527 3787 656 3874 spinas,
679 3809 881 3873 magnaeque
903 3797 1106 3880 tentationes
1127 3795 1175 3844 at·

98 3891 142 3931 ue
170 3869 452 3953 periclitationes,
485 3871 603 3935 veluti*
620 3871 776 3943 tribulos,
808 3884 844 3934 et
870 3879 1173 3965 continuationem

73 3891 286 4018 iurarem—et
306 3954 615 4040 concupiscentiam
635 3953 795 4041 languide
816 3972 894 4017 etim
914 3952 1067 4047 undique
1087 3969 1175 4014 com·

73 4054 146 4132 pun
173 4049 285 4111 entee3
308 4051 347 4102 nt
367 4038 425 4102 rix
445 4037 543 4124 possit
563 4045 649 4118 ejue,
673 4036 781 4102 carnia
801 4035 978 4109 videlicet,
1000 4035 1175 4130 sanitpteiri

75 4059 430 4206 meoiumitatemque,
465 4122 573 4186 veluti
600 4123 738 4186 foenum
765 4119 969 4194 marcidum,
1000 4120 1175 4202 adquirere

75 4217 178 4290 atque
197 4207 418 4283 manducare,
440 4205 507 4272 hoc
528 4205 572 4270 eli
590 4203 767 4294 consequi:
789 4219 825 4270 et
845 4219 928 4272 tuuc
947 4199 1018 4290 post
1032 4197 1173 4268 multam
