2942 4976
265 187 349 259 684
597 187 653 258 lle
675 185 857 257 liieiaim
877 183 1051 258 Natta-oe.

237 357 239 362 ⁷
269 373 710 464 amaricatio-jumentorum·
723 355 868 454 in'lmnc
882 364 1049 436 mundum
1056 371 1280 468 procederem
1303 389 1392 434 nom

271 481 388 526 ornnea
416 457 585 524 homines*
602 456 753 544 aequalia
777 457 1006 539 ‘ejusdemque
1041 452 1179 518 mrtutia
1201 469 1236 518 et
1257 451 1392 517 ordinis

152 563 160 571 ’
273 545 395 608 clienta
417 552 469 606 an'
483 541 567 606 licut
587 539 727 631 angeli,
747 539 797 620 ita
820 554 854 602 et
874 536 1028 602 hominen
1049 537 1117 602 loia
1140 536 1318 601 ordinibus
1340 537 1392 600 se·

273 629 422 694 cundum
447 625 610 690 divinam
643 621 869 689 revidentiam
884 636 925 720 'et
946 620 1142 706 sapientiam
1166 620 1389 718 dieponeren-

271 709 351 774 turi
372 709 602 808 Respondebit
622 707 673 772 alli
690 711 811 779 credo,
835 725 895 790 qut
914 705 1084 790 promittit
1102 705 1300 769 -hominrbua
1311 703 1388 800 posi

271 795 559 869 resurrectronem,
577 793 669 878 quod
685 805 778 856 eram
785 787 878 880 ficut
898 790 1016 871 Angeli
1030 789 1175 854 incaelo.
1199 788 1319 887 Angeia
1332 809 1402 850 au··

143 962 147 974 ,
244 897 246 902 ·
273 891 342 941 tem
373 875 517 962 propriis
549 874 732 940 ordinibue
747 873 993 958 disponuntur:
1027 871 1252 958 disponentur
1274 887 1392 956 itaque

164 3877 168 3880 ’
273 3867 475 3957 ticipatione
503 3873 650 3939 summae
686 3873 869 3960 sapientiae
892 3890 927 3938 et
946 3874 1148 3959 prudentiae
1167 3872 1290 3938 merito

274 975 309 1024 et
328 959 483 1024 homines
507 959 640 1024 diverfia
661 957 826 1022 virtutum
848 955 1129 1020 ordinationibus.
1169 961 1210 1021 At
1230 955 1253 1018 fi
1274 953 1321 1017 ita
1338 953 1392 1016 sn·

273 1041 342 1108 turi
363 1044 461 1116 sunt,
491 1041 572 1107 licet
594 1042 667 1128 poli
685 1045 884 1127 peccatum.
916 1041 1069 1126 proiecto
1091 1038 1197 1104 futuri
1220 1039 1341 1118 client.
1365 1037 1392 1100 li

271 1148 343 1191 non
364 1140 561 1212 peccarent:
583 1129 648 1191 h'oo
671 1126 713 1190 cll
733 1123 804 1189 aion
827 1125 1069 1191 eodemmodo
1097 1119 1392 1207 contemplatione

271 1208 424 1274 veritatis
447 1209 647 1274 fruerentur.
688 1211 793 1274 Porro
815 1207 944 1293 primus
965 1210 1091 1280 bomo,
1113 1222 1153 1269 ut
1174 1205 1221 1269 a‘it
1243 1207 1391 1268 Sanctus
1460 1275 1461 1286 p

271 1291 492 1380 Augustinut‚
515 1293 551 1356 in
574 1291 681 1380 prima
698 1289 980 1364 soacondit'ione,
1003 1289 1199 1376 priusquam
1214 1301 1392 1374 peccaret3

178 1451 183 1456 ,
273 1393 386 1463 neque
414 1375 661 1461 sapienaerat,
690 1395 806 1461 neque
837 1373 1008 1461 infipiena.
1038 1413 1040 1428 ι
1066 1373 1101 1436 Si
1133 1372 1223 1437 enim
1244 1369 1392 1455 sapient,

273 1481 346 1524 nun
380 1461 491 1524 Deum
521 1461 699 1534 desereret,
730 1475 769 1522 ut
797 1458 895 1522 uxori
926 1456 1246 1530 suae'consentiret‚
1268 1473 1393 1540 neque

274 1541 413 1608 incaute
434 1559 565 1628 ageret,
586 1555 631 1607 ne
644 1541 848 1606 'Diabolicae
876 1541 1010 1605 astutiae
1034 1539 1223 1627 superbiam
1242 1537 1394 1602 imitare·

276 1641 332 1690 tur
341 1647 351 1702 ;
376 1647 446 1690 non
472 1625 561 1692 enim
585 1627 743 1690 seductus·
765 1626 825 1700 eli,
849 1625 904 1689 sed
928 1623 1080 1710 superbia
1101 1624 1259 1688 indatur:
1289 1621 1395 1684 liau-

274 1724 344 1774 tent
366 1708 546 1796 insipietia,
580 1709 654 1796 quia
676 1707 856 1774 crediderit
873 1711 987 1782 Deum
1010 1707 1122 1772 secisse
1142 1705 1317 1772 hominem
1340 1703 1392 1767 in·

274 1793 451 1880 lipientem
487 1796 528 1858 ad
549 1792 731 1880 imaginem
755 1809 788 1856 et
809 1789 1062 1856 simili-tudinem
1085 1792 1187 1856 suam.
1218 1788 1391 1854 ‘Profecto

276 1879 419 1963 quadam
439 1876 619 1942 medietate
637 1875 776 1943 libratae
793 1875 883 1940 inter
898 1873 1095 1960 sapientiam
1112 1891 1146 1938 et
1162 1873 1223 1938 infi
1249 1871 1392 1936 lentiam

278 1959 437 2025 conditus
458 1961 520 2034 eii,
553 1975 587 2024 et
608 1959 759 2024 futurum
783 1959 813 2023 ei
838 1974 908 2024 erat
930 1957 1061 2044 sapient
1082 1957 1174 2032 lieri,
1254 1958 1393 2020 manda·

277 2059 350 2106 tum
375 2041 615 2112 Deiservaret.
657 2045 736 2107 Non
759 2043 850 2107 enim
875 2041 922 2106 ait
940 2041 1011 2106 Scri
1038 2057 1128 2117 tura,
1151 2039 1390 2106 iaciamuaho·
1460 2041 1461 2044 ’

278 2127 406 2190 minem
428 2123 610 2210 imaginem
634 2141 668 2189 et
690 2125 942 2190 similitudinem
965 2145 1011 2190 uo
1054 2145 1130 2203 am;
1166 2125 1222 2190 sed
1242 2123 1291 2186 ad
1310 2125 1390 2185 imo-

277 2213 385 2292 ginem
409 2221 442 2272 et
453 2205 707 2299 similitudinem
728 2208 890 2301 nostram:
911 2229 950 2274 ac
970 2209 993 2272 [i
1014 2209 1115 2295 plane
1136 2206 1325 2290 diceretur3
1347 2207 1390 2269 ad

277 2295 345 2356 hoc
366 2291 527 2356 faciamus
549 2291 745 2376 hominem,
775 2307 815 2356 ot
837 2294 860 2357 st
881 2307 1098 2378 praeceptum
1119 2291 1267 2357 nostrum
1289 2289 1393 2354 colio·
1460 2311 1461 2320 ¹

251 2433 254 2442 Δ
278 2373 399 2452 dimit,
422 2374 534 2463 imago
549 2375 666 2448 ,nostra
688 2393 722 2441 et
744 2375 926 2441 similitudo
950 2375 1017 2440 liat.
1061 2379 1138 2440 Non
1163 2366 1242 2460 ergo
1259 2372 1393 2460 sapient
1420 2389 1424 2396 ·

276 2458 386 2524 sactus
408 2459 471 2534 eil,
507 2459 563 2523 sed
584 2479 705 2546 capax,
735 2461 900 2533 saveilet,
924 2458 1117 2545 sapientiae.
1159 2455 1278 2540 Potuit
1300 2456 1394 2520 enim

213 2568 217 2578 ι
278 2541 477 2629 sapientiam
499 2561 639 2629 capere,
663 2547 760 2607 etad
782 2548 853 2623 eiua
875 2542 1028 2607 habiturn
1050 2541 1245 2629 pervenire,
1269 2539 1394 2604 fidivi-

277 2647 361 2688 num
394 2624 569 2691 confilium
599 2625 756 2692 noluisset
784 2627 949 2712 spernere.
1009 2626 1180 2724 Quoniam
1209 2643 1290 2688 vero
1321 2643 1395 2687 nou

278 2707 406 2772 sursum
436 2709 551 2773 versut
584 2731 644 2794 per
672 2709 863 2774 custodiamv
887 2711 1037 2772 mandata
1068 2709 1111 2773 ad
1139 2705 1396 2795 sapientiam-se

280 2791 695 2890 erexeratqsedpronua,
721 2797 792 2873 ejus
839 2815 874 2858 er
896 2791 1203 2880 transgreffioncm,
1225 2791 1261 2854 in
1278 2789 1394 2854 libidi-

278 2895 359 2938 nem
384 2876 618 2960 temporalium
638 2891 672 2940 et
695 2817 896 2940 senfibiiium
919 2897 1031 2940 rerum
1053 2877 1110 2939 lua
1124 2873 1393 2964 propriarolun·

279 2971 349 3022 tate
373 2974 562 3033 corruerat;
592 2960 669 3045 pluo
690 2957 849 3044 insipiens
872 2975 971 3045 atque
992 2959 1189 3046 imprudena
1211 2957 1398 3020 existiman·

279 3043 342 3104 dua
372 3041 433 3114 eli,
472 3041 572 3105 etiam
607 3041 998 3140 priusquam'peccaret‚
1033 3065 1132 3130 quam
1154 3040 1338 3127 sapientiae
1360 3053 1396 3104 et
1460 3105 1461 3112 χ

173 3169 175 3174 ,
279 3121 482 3208 prudentiae
512 3141 699 3211 appetitore
731 3125 903 3210 praecellit
932 3125 1023 3189 enim
1057 3117 1250 3213 infipieniia
1277 3139 1312 3186 et
1332 3123 1396 3188 im·
1460 3147 1461 3156 ¹

228 3235 229 3240 ¹
277 3205 459 3290 prudentia
481 3223 669 3293 peecatum.
712 3211 831 3294 Neque
851 3211 918 3273 hoc
941 3207 1072 3294 accepit
1093 3225 1133 3273 ex
1154 3208 1257 3274 causta
1276 3205 1395 3272 condi·
1460 3265 1461 3268 ,

276 3287 401 3360 tionis.
425 3290 481 3353 led
502 3291 729 3360 mutabilitate
749 3291 905 3378 propriae
926 3291 1132 3365 volontatis.
1165 3313 1251 3378 quae
1273 3311 1313 3354 ex
1335 3311 1393 3353 na·
1460 3281 1461 3296 ¹

275 3371 440 3436 toralibua
463 3375 565 3440 caufia
587 3395 799 3462 nequaquam
821 3369 999 3450 naacitur;'
1018 3373 1178 3462 insipient
1196 3373 1302 3461 igitur
1322 3389 1395 3437 erat
1460 3381 1461 3388 ’

276 3469 311 3518 et
333 3453 531 3542 imprudens
554 3474 632 3522 ante
653 3457 942 3545 transgressionem
964 3459 1133 3533 mandati,
1165 3456 1392 3544 perseipsum
1460 3489 1461 3494 ι

274 3537 384 3603 factua
413 3539 467 3603 eli.
524 3545 680 3606 Attamen
712 3543 734 3604 li
767 3542 964 3605 mandatum
995 3563 1066 3606 non
1094 3557 1184 3605 trane
1208 3543 1392 3614 roderetur,

274 3617 416 3686 sortaffia
438 3643 549 3709 neque
571 3647 611 3689 ex
635 3625 787 3711 paradiso
811 3627 1051 3711 expelleretu13
1074 3626 1131 3690 sed
1153 3563 1230 3688 soii·
1251 3639 1392 3687 naturae

274 3704 352 3766 luae
373 3705 492 3782 bonis,
517 3708 659 3793 quaein
682 3707 788 3794 prima
809 3707 1008 3775 conditione
1026 3706 1077 3772 sui
1095 3721 1280 3794 acceperat,
1305 3707 1393 3775 froc·

215 3817 217 3829 =
272 3801 384 3861 retur,
407 3787 573 3875 inqueeia
592 3791 913 3876 quadam-felicitate
928 3793 1126 3867 laetaretur,
1150 3788 1393 3936 quamviapar·
1460 3787 1461 3872 Q

1327 3893 1391 3937 uae

273 3950 432 4036 stultitiae
455 3956 675 4052 et'fatuitatia
695 3957 893 4046 privaretur.
933 3957 1069 4044 Multot
1085 3956 1249 4046 fiquidem
1271 3977 1311 4021 ac
1332 3978 1391 4042 pe·

257 4055 322 4100 -ne
349 4053 465 4100 omnes
496 4041 706 4125 improvidae
738 4055 773 4104 et
805 4039 1002 4126 inspienter
1024 4043 1131 4108 laetoo
1153 4056 1188 4106 ct
1208 4053 1391 4106 contentos
1460 4063 1461 4102 l

274 4117 336 4182 elle
365 4118 520 4184 audimus
553 4125 594 4185 de
624 4123 803 4190 nobilitate
825 4122 976 4210 gatteria,
1009 4127 1051 4190 de
1071 4123 1226 4213 pluribus
1249 4123 1388 4190 consan-
1460 4105 1461 4176 i
