2922 4978
222 877 228 898 ²
314 853 400 917 Nam

178 2805 182 2812 -
306 2765 441 2851 paucio,
475 2783 514 2831 ut
545 2785 683 2855 opinor,
712 2783 862 2834 tractata.

315 253 393 326 426
518 269 522 274 ’
629 253 682 320 sle
702 249 883 320 butenae
902 249 1074 324 Neruae.

316 437 402 502 illud
428 437 533 522 pollet
564 433 750 534 attingeret
784 427 820 499 Si
842 433 933 501 enim
957 435 1050 500 nulla
1071 431 1135 500 alia
1154 435 1246 502 caula
1265 434 1387 502 feliciter

187 521 192 536 '
315 523 350 586 et
378 519 587 584 aeternaliter
616 518 755 584 vrvendi
790 518 827 583 in
857 517 1009 605 paradiso
1038 515 1141 582 suerit
1172 533 1295 604 praeter
1313 522 1386 584 esum

305 603 402 748 vlipni
427 601 536 676 vitae,
575 601 634 689 qui
663 601 741 668 solia
770 601 1027 702 rationabilrbpa
1058 601 1214 668 creaturia
1243 605 1388 702 concellrp

313 707 377 834 ἕρπ’
398 686 870 868 iiiimiiriiirpiiiiiim
885 687 1388 857 tmillltttrt'll'dlt

428 791 453 916 li
480 869 608 918 caetera
639 853 794 918 animalia
818 849 1078 952 praesertim'que
1106 852 1238 940 serpent
1265 853 1390 938 illeque

252 979 258 994 .
286 1019 290 1026 Ι
313 935 472 1022 antiquae
492 934 591 1001 hostie
611 936 772 1002 malitiam
795 940 886 1002 suam
901 953 1067 1013 exercu1t‚
1089 935 1126 1000 in
1141 935 1288 1022 paradiso
1303 935 1389 1007 inille,

312 1040 378 1084 nec
399 1035 511 1083 tamen
532 1019 747 1104 spiritualiter
769 1036 802 1085 et
822 1021 965 1086 feliciter
986 1020 1099 1084 vivere
1116 1021 1205 1106 polle
1218 1022 1390 1088 credantur,

311 1123 416 1189 quum
436 1123 507 1166 non
530 1106 573 1167 arl
593 1104 785 1192 esum.ligni
803 1105 893 1168 vitae
911 1119 1019 1169 creata
1040 1104 1133 1177 sunt;
1157 1123 1217 1168 cur
1230 1123 1297 1167 nnn
1309 1101 1391 1164 etiarn

311 1187 415 1251 horno
436 1185 635 1272 delinquente
655 1187 747 1252 inter
764 1188 822 1251 illa
844 1187 958 1252 virere
978 1209 1047 1252 uon
1067 1185 1248 1250 sineretur?
1268 1203 1392 1249 cumve

310 1291 346 1334 ra
367 1266 454 1333 ratio
478 1270 630 1334 docuerit
650 1271 884 1336 rationabilem
909 1286 1092 1336 creaturam
1114 1269 1171 1333 etsi
1194 1267 1391 1356 peccatricem

311 1373 447 1418 omnem
467 1351 730 1420 irrationabilem
745 1371 889 1453 peccato
912 1371 1079 1420 carentem
1095 1369 1235 1416 naturae
1250 1350 1392 1448 dignitate

311 1439 519 1516 antecedere.
564 1437 599 1502 Si
632 1459 710 1526 ergo
743 1437 984 1504 irrationabilia
1013 1436 1170 1502 animalia
1205 1439 1335 1500 homine
1353 1433 1394 1494 de

310 1519 426 1606 pulso,
448 1518 485 1584 in
505 1521 657 1608 paradiso
678 1522 925 1596 remanserunt,
949 1525 1029 1586 duna
1050 1515 1393 1612 srecaeteriepraeilap·

310 1602 396 1677 tior,
447 1624 489 1667 ua
510 1603 641 1669 ratione
661 1627 732 1670 non
757 1621 792 1669 et
812 1605 869 1670 ille
891 1603 991 1668 etiarn
1012 1619 1170 1689 peccator
1190 1602 1279 1666 inter
1298 1599 1347 1662 illa
1366 1617 1392 1658 ru

309 1625 462 1770 paradiio
490 1709 662 1754 remanere
692 1689 866 1775 permiffua
887 1687 955 1752 alls
985 1689 1037 1752 An
1058 1687 1146 1749 sorte
1168 1707 1246 1750 cum
1266 1683 1321 1747 illo
1340 1700 1394 1776 pte

308 1782 379 1832 tera
400 1769 556 1853 animalia
578 1774 619 1836 de
639 1771 791 1856 paradiso
813 1771 946 1857 expulsa
968 1769 1068 1834 sunt?
1092 1768 1128 1831 si
1149 1767 1227 1855 quia
1247 1765 1392 1831 hncdrxe

309 1851 368 1927 rit,
402 1870 539 1938 quaerat
564 1875 606 1918 ex
633 1853 748 1919 divina
777 1854 954 1940 scriptura,
988 1855 1046 1917 aut
1067 1853 1258 1916 sanctorum
1277 1863 1392 1996 patrum

310 1936 525 2013 auctoritate,
562 1953 620 2001 aut
641 1959 681 2014 ex
704 1954 865 2022 utroque,
888 1940 981 2001 unde
1003 1937 1167 2022 approbet
1190 1956 1276 2020 ertpu
1290 1932 1393 1994 stoneu

310 2017 526 2095 animalium,
558 2019 679 2117 quibua
701 2024 804 2086 borno
826 2021 862 2084 irr
884 2019 1036 2106 paradiso
1059 2034 1137 2083 ante
1157 2033 1331 2104 peccatum
1349 2031 1395 2108 1ᾎο·

308 2099 400 2164 mina
430 2100 607 2187 imposurt‚
642 2104 734 2166 fimul
756 2125 834 2168 curn
856 2103 995 2168 homine
1016 2115 1180 2188 peccante
1203 2103 1245 2166 de
1265 2095 1394 2184 paradrlo

308 2183 443 2269 expulsa
464 2185 569 2252 suilse.
603 2187 704 2271 Quod
726 2187 749 2250 fi
771 2191 873 2251 homo
897 2207 966 2252 non
990 2183 1152 2272 potuerit,
1175 2181 1346 2250 carnaliter
1363 2181 1395 2274 de

307 2267 459 2351 paradiso
481 2274 618 2357 ejueqne
639 2269 841 2346 animalibus,
862 2270 1002 2343 sentire,
1026 2269 1170 2344 desinat,
1205 2284 1239 2332 et
1260 2267 1299 2332 ad
1319 2260 1395 2349 spin-

308 2351 415 2414 tnalea
444 2352 636 2418 intellectue
667 2375 751 2452 quoe
774 2353 896 2450 veritae
920 2357 1056 2449 edocet,
1089 2366 1245 2437 prorutae
1267 2347 1393 2416 aceeta.

307 2452 544 2584 §latai
566 2437 722 2606 sigini?
741 2437 1395 2605 illlztltrl‘ttltal‘ttttt

307 2598 503 2686 diligentins
524 2602 667 2668 intuere.
712 2607 753 2666 D.
775 2603 904 2667 Praesto
925 2604 996 2667 sum
1017 2617 1222 2698 pariturque
1243 2619 1325 2686 quae
1339 2619 1355 2658 a
1369 2611 1395 2656 te

307 2680 463 2748 dicentur
484 2706 706 2784 cognoecere,
739 2688 839 2750 valde
859 2685 1193 2833 qmikpe·3eci[ffni1
1209 2686 1304 2754 sunt,
1336 2693 1394 2821 et:

930 2791 1080 2833 aurem
1128 2789 1146 2830 e
1192 2783 1395 2832 umanaen·

305 2863 400 2915 turae
428 2867 702 2938 caeterorumque
728 2853 766 2916 in
794 2873 850 2925 ea.
886 2868 921 2916 et
943 2791 1085 2938 inreptet
1106 2872 1180 2916 eam
1203 2850 1241 2914 in
1264 2861 1394 2912 aeternat

303 2930 471 3009 rariores,
502 2955 542 2998 ex
584 2935 685 3010 uibar
704 2935 855 3022 profecta
877 2936 936 3010 eli,
971 2935 1102 3009 reditu,
1126 2949 1159 2997 et
1182 2933 1221 2998 in
1244 2929 1395 3020 pristiam

305 3013 504 3160 dipnitatem
532 3040 568 3083 re
595 3018 742 3084 itutioue
769 3019 901 3082 nuttam
934 3020 1045 3083 adhuc
1072 3017 1230 3104 seriplilse
1260 3015 1312 3080 rel
1341 3013 1394 3093 lep

200 3131 204 3146 ι
242 3135 248 3146 -
304 3119 347 3160 ve
389 3098 521 3164 audivit
553 3103 705 3189 quamvie
734 3101 865 3188 sparsim
887 3116 921 3165 et
941 3101 978 3165 irr
1002 3099 1127 3166 divinia
1146 3099 1243 3164 libris
1265 3114 1300 3162 et
1319 3093 1394 3158 sanc·

304 3183 572 3329 tommgatrum
594 3184 808 3250 documentir
832 3185 939 3250 scrma
961 3183 1036 3250 talia
1057 3184 1235 3250 doctrinae
1261 3183 1395 3265 frequen·

303 3278 437 3330 tertam
464 3281 526 3330 eat.

368 3366 398 3413 a.
432 3352 482 3412 M.
504 3349 630 3414 Divina
651 3349 698 3413 ita
723 3371 767 3415 ue
786 3370 854 3414 vox
876 3349 1161 3422 talem-reditum,
1196 3352 1241 3414 de
1262 3366 1327 3434 quo
1347 3343 1394 3404 ser·

287 3450 358 3494 ·mo
379 3431 515 3507 enphit
535 3433 646 3498 verbia
666 3373 830 3508 inicum,
854 3433 980 3498 dicena.
1023 3435 1149 3508 „Nunc
1170 3453 1271 3518 ergo,
1292 3429 1342 3492 vel
1365 3437 1394 3516 1¹}

301 3513 365 3578 alia
386 3513 458 3580 inte
499 3515 620 3582 retatio
642 3517 789 3614 apertius
812 3517 958 3602 profert,
990 3531 1024 3580 et
1045 3537 1139 3580 nunc
1159 3513 1279 3601 inquit
1297 3515 1394 3578 Donu-

298 3615 384 3672 nnat
408 3539 611 3684 aciiplane
632 3602 776 3675 diceret,
800 3599 916 3678 divina
937 3599 1117 3664 clementia
1132 3597 1335 3682 infinitaque
1349 3594 1393 3654 bo

299 3679 389 3746 uitae
417 3683 460 3747 ad
488 3681 735 3782 indulgendpm
765 3683 1055 3769 miserendumque
1087 3684 1219 3830 semper
1239 3675 1392 3746 frattina

300 3764 412 3828 casum
433 3765 569 3830 divinae
589 3767 746 3862 tmagrnia
768 3765 951 3852 suspirans,
980 3765 1150 3830 misericor
1175 3764 1309 3850 iterque
1328 3777 1391 3824 con·
1428 3779 1429 3789 ¹

301 3847 524 3926 descendent,
554 3847 770 3951 hominisque
791 3850 1012 3948 arrogantipm
1034 3849 1205 3936 patienter
1225 3845 1390 3943 sufferenti

298 3933 1010 4108 tittfftssabfaste'ttr‘lilltssliff
1033 3928 1389 4104 iiiiiiiohiiii‘i

300 4095 343 4157 de
364 4111 499 4162 aeterno
521 4101 757 4185 temporalem,
781 4102 823 4164 de
843 4099 939 4166 vitali
959 4101 1153 4177 mortalem,
1193 4100 1238 4164 de
1274 4092 1392 4182 apianae

226 4239 231 4246 .
300 4177 452 4256 stultum,
474 4183 518 4246 de
538 4182 702 4269 spirituali
724 4181 921 4261 animalem,
944 4187 987 4251 do
1009 4183 1140 4283 coelelli
1161 4197 1341 4251 terrenum.
1356 4173 1389 4236 dt

751 4509 773 4588 nl
