2854 4978
464 209 576 296 saliet
596 215 753 293 ventu.
1095 219 1171 298 tet

63 403 504 567 :lllllllticllllll
527 402 674 556 ,llll
675 401 1186 576 refestinante
1229 546 1232 568 .

64 577 151 640 litas:
180 597 245 640 nec
274 576 418 649 mirum,
456 596 531 638 cum
554 591 589 638 et
610 575 681 664 ipsa
703 575 829 639 summa
852 575 883 637 sa
908 571 1012 638 ientia
1035 577 1091 642 oui
1114 599 1169 664 ap·

61 658 290 746 propinquant
313 657 503 746 ‘saepissime
525 663 737 723 tenebrarum
758 597 923 724 vocabuit»
946 658 1168 750 sigpificetur3

62 741 139 806 audi
171 742 388 819 Psalmillam,
425 745 504 826 quia
524 739 617 830 stent
642 743 794 806 tenebrae
816 746 901 832 ejus,
938 747 991 806 ita
1012 757 1045 805 et
1064 745 1169 808 sumen

60 850 144 972 pus,
174 841 213 889 ae
240 828 264 890 fi
294 841 406 913 aperte
434 825 577 890 diecret:
622 839 736 890 tantus
769 826 813 890 est
840 823 976 890 divinae
1003 828 1189 892 bonitatis,

72 935 91 996 P

93 911 235 985 lendor,
269 926 309 973 ut
336 931 405 974 non
428 909 597 974 im'merito
618 908 812 976 volentibus
835 928 912 973 eum
935 910 1167 998 contemplari,

58 1010 89 1058 et
112 1014 183 1057 non
206 993 396 1072 valentibus
417 1009 568 1057 vertatur
589 992 625 1058 in
649 997 820 1058 tenebrae:
857 994 955 1059 Solue
978 993 1090 1068 enim,
1128 1009 1169 1058 ut

58 1077 102 1141 ait
133 1077 326 1163 Apostolus,
356 1072 601 1168 inacceffibilem
633 1073 776 1223 ppffidet
796 1078 915 1140 lacem:
944 1073 981 1142 in
1003 1094 1168 1164 quantum

5 1205 9 1220 .
57 1181 138 1224 vero
168 1160 302 1247 longius
332 1165 414 1226 ordo
442 1183 554 1224 rerum
577 1163 657 1225 deor
672 1184 728 1224 um
752 1159 952 1235 descendit,¹
975 1162 1010 1225 in
1033 1175 1168 1226 tantum

56 1243 362 1330 contemplantium
387 1244 561 1308 obtutibus
584 1242 788 1308 manifestius
812 1245 843 1308 se
857 1243 983 1330 aperit3
1007 1247 1087 1311 ldeo
1103 1247 1169 1310 for·
1204 1267 1209 1280 *

55 1349 149 1401 mae,
183 1349 221 1390 ac
242 1326 367 1414 species
383 1350 494 1392 rerum
517 1327 740 1402 tenfibilium,
760 1326 1051 1392 manifestissimam
1074 1332 1168 1393 theo·

54 1410 233 1498 phemiam,
265 1431 391 1475 nomen
413 1410 603 1507 accipiunt:
633 1411 749 1475 divina
770 1409 875 1497 igitur
895 1410 1047 1488 bonitas,
1082 1433 1171 1498 quae

54 1497 231 1592 propterea
258 1491 406 1560 nihilum
436 1495 577 1571 dicitur,
613 1494 891 1582 quoniam'ultra
912 1497 1005 1559 nulla
1031 1495 1168 1560 essentia

53 1577 250 1652 tuvenitur,
282 1600 323 1642 ex
350 1579 534 1666 negatione
562 1579 715 1644 omnium
737 1577 947 1642 essentiarum
969 1578 1005 1642 in
1030 1579 1169 1644 affirma·

53 1661 184 1726 tionem
207 1660 311 1726 totiue
332 1661 559 1726 universitatis
583 1662 739 1727 essentiae
761 1683 779 1724 a
801 1662 834 1724 se
855 1660 926 1748 ipsa
946 1661 983 1726 in
1006 1664 1039 1727 se
1060 1663 1166 1748 ipsam
1191 1671 1197 1688 ⁸

55 1743 245 1820 descendit,
276 1745 385 1810 veluti
408 1767 447 1808 ex
468 1744 577 1811 nihilo
599 1737 805 1834 in'aliquid,
835 1765 874 1808 ex
895 1744 1168 1817 inessentialitate

54 1827 217 1916 siquidem
247 1827 348 1915 ipsma
372 1826 552 1916 progressio
573 1828 611 1892 in
634 1851 673 1894 ea
693 1829 730 1894 in
753 1829 875 1917 quibua
896 1829 956 1905 fit,
987 1828 1095 1894 veluti
1115 1830 1168 1894 in·

55 1912 171 1977 sonnio
194 1915 357 1998 quaedam
379 1911 518 1978 materia
541 1933 558 1976 a
582 1912 743 2012 scriptura
767 1912 901 1978 dicitur.
934 1912 1077 1977 Materia
1093 1912 1168 2000 qui·

56 1998 150 2071 dem,
187 1995 265 2082 quia
297 1996 340 2060 est
368 1995 508 2060 initium
539 1996 697 2064 essentiae
728 2019 860 2070 rerum,
894 1995 1050 2062 informis
1070 2015 1165 2072 vero,

1 2115 3 2134 ι
54 2080 133 2164 quia
161 2077 364 2143 informitati
393 2074 529 2143 divinae
558 2079 742 2168 sapientiae
766 2079 919 2180 proxima
941 2081 995 2146 est.
1039 2080 1167 2146 Divina

37 2179 166 2230 autem
188 2163 352 2248 sapientia
372 2147 528 2227 insonuit
550 2164 694 2240 dicitur,
717 2185 797 2252 qum
818 2167 859 2228 ad
877 2166 1005 2230 nullam
1022 2166 1167 2230 sormam

53 2245 257 2333 superiorem
279 2246 311 2310 se
334 2249 376 2309 ad
397 2245 636 2313 sormationem
658 2250 750 2312 suam
765 2248 991 2325 convertitur3
1014 2251 1059 2313 est
1072 2248 1166 2314 enim

53 2329 207 2396 omnium
230 2329 412 2393 formarum
432 2329 609 2396 inlinitum
630 2351 724 2396 exem
750 2333 816 2396 lar:
839 2348 874 2395 et
895 2335 976 2397 dum
992 2329 1167 2397 descendit

52 2414 87 2478 in
120 2412 264 2477 diversae
286 2411 467 2478 visibilium
488 2414 632 2490 formae,
664 2418 707 2480 ad
726 2357 761 2478 ie
781 2414 887 2500 ipsam
906 2415 1015 2479 veluti
1037 2418 1079 2480 ad
1100 2415 1167 2478 sor·

52 2496 238 2562 mationem
267 2497 360 2560 suam
386 2496 543 2594 respicit:
571 2498 721 2564 Proinde
751 2497 867 2562 divina
897 2498 1032 2564 bonitas
1067 2499 1167 2583 super

53 2579 167 2646 omnia
190 2580 394 2644 considerata
418 2580 544 2646 dicitur
563 2602 635 2646 non
658 2583 737 2653 elle,
766 2595 801 2644 et
824 2581 966 2645 omnino
986 2580 1075 2644 nihil
1090 2581 1165 2655 else,

52 2663 90 2727 in
120 2663 278 2728 omnibue
305 2683 386 2727 vero
420 2665 499 2729 elle:
534 2681 568 2728 et
598 2664 724 2728 dicitu'r
753 2665 833 2738 else,
869 2663 1030 2751 quoniam
1058 2664 1166 2728 totiue

54 2746 283 2812 Universttatie
305 2747 441 2811 essentia
464 2746 523 2823 est,
559 2763 593 2811 et
614 2747 813 2822 substantia,
837 2763 871 2810 et
891 2770 1017 2834 genua,
1039 2761 1076 2812 et
1095 2746 1167 2834 spe·

52 2831 141 2906 cies,
175 2847 209 2894 et
240 2830 426 2916 quantitas.
463 2845 497 2894 et
527 2829 688 2916 qualitas,
719 2846 754 2893 et
783 2830 937 2897 omnium
958 2831 1101 2916 copula,
1132 2843 1168 2894 et

52 2914 160 2989 Situe,
189 2913 411 2989 e'tHabitue,
443 2928 477 2977 et
504 2917 635 2989 Locus,
670 2929 704 2978 et
726 2915 896 3000 Tempue,
928 2929 962 2978 et
982 2913 1100 2987 Actio,
1131 2925 1168 2975 et

50 2997 178 3062 Pallio:
208 3011 243 3062 et
273 3017 373 3062 omne
396 2999 624 3085 quodcunque
645 2997 682 3062 in
705 2996 800 3062 omni
822 3013 990 3074 creatura,
1021 2993 1167 3084 aquali·

53 3103 188 3168 cunque
216 3080 393 3146 intellectu
420 3081 528 3166 potest
555 3081 713 3168 intelligi.
753 3083 799 3144 Et
826 3079 980 3169 quiaquia
1011 3081 1166 3146 intentue

51 3165 157 3230 sancti
180 3165 333 3248 Dyonifii
353 3167 454 3229 verba
469 3163 677 3252 inspexerit,
702 3167 786 3229 haec
806 3162 855 3227 ita
875 3165 908 3235 se
929 3166 1051 3230 habere
1072 3163 1168 3228 inve·

52 3249 143 3313 niet:
166 3271 205 3314 ex
227 3249 352 3336 quibua
374 3269 469 3313 nunc
490 3269 598 3334 pauca
619 3249 764 3314 inserere
785 3268 856 3311 non
873 3247 1100 3350 incongruum
1114 3245 1166 3310 vi·

54 3335 169 3408 detur,
202 3349 237 3396 et
265 3353 350 3420 quae
377 3331 415 3396 in
437 3332 606 3419 prioribus
627 3333 756 3398 nostrae
778 3332 1069 3398 sermocinanonie
1090 3350 1167 3416 pro·

53 3415 250 3480 ceffionibue
281 3439 321 3480 ex
348 3414 422 3503 ipso
451 3417 660 3502 accepimus,
695 3417 820 3480 iterum
849 3417 1000 3503 recipere
1024 3415 1167 3480 necessa·

52 3498 141 3564 rium
162 3500 371 3580 judicamue;
402 3507 493 3582 Age,
516 3499 648 3584 inquit,
681 3505 842 3581 optimum
865 3516 903 3563 ut
921 3521 1019 3573 vere,
1041 3511 1075 3562 et
1096 3498 1165 3560 eei-

46 3582 208 3671 flentium
238 3588 377 3650 omilium
394 3582 568 3672 substanti
595 3605 665 3645 cum
692 3586 876 3655 laudemus,
889 3579 973 3650 ”ott
996 3583 1053 3658 (lie
1074 3576 1167 3666 enim

53 3684 153 3734 vocat
179 3672 290 3732 Deum
333 3671 436 3733 totins
458 3663 521 3760 effe
559 3668 715 3730 eeundum
734 3672 891 3732 virtutem
905 3657 1195 3812 supereqentiw‘

52 3751 117 3813 lem
142 3749 189 3844 est
208 3676 416 3844 subjiituens
444 3749 563 3846 cereso,
598 3765 632 3816 et
651 3761 782 3817 creator
802 3745 1032 3842 existentissu
1043 3745 1166 3837 fisten-

55 3837 142 3900 tinet
150 3833 382 3933 substantiae,
405 3832 578 3930 efferatior,
603 3845 760 3912 natutae,
782 3838 1002 3919 principium,
1026 3846 1060 3896 et
1081 3851 1164 3894 men·

44 3911 152 4009 suro,
166 3916 359 4015 sacellorum,
382 3936 416 3984 et
436 3935 627 4004 temporum,
650 3916 878 4013 efferetialitas,
906 3933 940 3983 et
960 3911 1164 3996 „aeterniter

56 4001 266 4069 eadllentium
290 4021 481 4090 temporum
502 4006 668 4071 sectorum
692 4004 773 4080 else3
809 4019 984 4090 uteunque
1005 3997 1103 4066 saetis
1125 4017 1167 4060 ex

55 4103 101 4149 eo
124 4091 212 4174 quod
234 4088 278 4154 est
298 4101 491 4162 aeternum,
520 4105 556 4154 et
576 4085 729 4164 essentia,
763 4102 798 4152 et
814 4080 878 4159 ὅν,
902 4100 937 4149 et
957 4099 1107 4170 tempus,
1130 4093 1166 4143 et

55 4170 246 4255 gennano,
267 4171 451 4240 etinctum
472 4171 511 4238 in
533 4171 685 4240 exilienti
709 4168 922 4238 essentialitas
942 4177 977 4232 et
991 4181 1166 4252 utcunque
1201 4228 1206 4240 ,
1248 4195 1250 4200 -

686 4287 724 4358 16
