2930 4982
267 179 345 256 roc
607 145 1057 254 centumcentumn

269 387 346 454 perc
378 365 617 440 salvarentur,
648 381 685 434 et
712 367 841 435 ceterae
867 365 1080 439 interierint.
1112 363 1223 432 totum
1255 363 1384 432 interit

272 455 382 516 Totue
402 449 520 537 itaque
538 452 687 522 mundue‘
708 465 768 518 cut
788 465 880 516 totus
898 447 1074 523 interibit,
1111 459 1285 514 nuttotue
1306 450 1385 516 inn-

270 532 435 622 pererit.
484 531 614 598 Peribit
642 550 764 602 autem.
809 535 926 600 Totus
955 531 1060 617 igitur
1090 531 1234 630 peribit:
1275 555 1386 631 neque

270 619 340 682 ulla
361 637 438 701 pere
459 613 511 681 tui
532 616 604 703 post
623 617 720 682 inum
734 615 918 684 interitum
938 616 1127 686 remanebit
1146 615 1215 680 fine
1231 615 1383 681 interitu.

272 702 359 770 Sunt
387 713 501 765 autem
526 716 642 784 parter
665 705 736 782 ejus
760 703 855 770 locut
878 715 913 770 et
934 715 1078 786 tempus.
1106 702 1163 764 tln
1186 697 1259 785 ipsu
1280 699 1386 786 igitur

273 799 406 848 etcum
428 780 500 868 ipso
524 783 686 868 peribunt
706 785 801 848 locue
824 797 858 848 et
880 793 1024 868 ternpus.
1066 785 1199 846 Locum
1220 805 1316 848 nunc
1337 783 1385 848 di·

237 893 239 900 *
271 887 333 941 eo,
363 886 433 936 non
466 887 578 936 rerum
608 865 1236 953 definitionem.qune.[empermanet
1256 866 1292 930 in
1316 866 1387 933 ani·

151 955 156 976 ¹
236 1023 248 1036 l
270 968 346 1023 mo,
370 949 426 1012 sed
447 947 591 1032 spatium
607 971 674 1036 quo
689 948 1053 1036 corporumquantitae
1070 947 1276 1026 extenditur.
1300 953 1385 1016 Nam

271 1034 368 1118 quod
387 1030 507 1096 Graeci
532 1034 612 1098 duas
633 1031 707 1098 illac
729 1033 849 1098 mundi
870 1031 1234 1119 partee‚,locum:dico
1255 1050 1288 1098 et
1305 1049 1386 1100 tem·

198 1147 206 1162 ι’
268 1101 403 1204 Ριιεῶν
427 1107 527 1188 ἄνευ,
562 1119 628 1180 hoc
651 1116 694 1180 est
715 1118 782 1185 fine
803 1115 925 1216 quibua
947 1131 1076 1181 ceterae
1097 1131 1208 1200 parter
1230 1117 1293 1182 effe
1314 1137 1385 1182 nou
1417 1135 1421 1147 ·

269 1199 416 1286 poffunt
434 1197 623 1284 appellant:
654 1205 784 1264 tamdiu
813 1201 898 1264 rllud
927 1200 1131 1264 vocabulum
1159 1217 1230 1262 non
1262 1216 1387 1266 temere

270 1281 413 1365 dixerim
439 1279 477 1344 in
510 1280 559 1345 eie
589 1283 803 1369 praevalere}
835 1281 1000 1369 'quamdiu
1016 1279 1140 1349 'totum
1179 1279 1266 1347 illud
1291 1288 1387 1364 cuiue

269 1381 381 1464 partes
416 1364 494 1428 sunt
516 1365 752 1510 lpermanserit.
792 1367 842 1429 Eo
868 1381 953 1430 'vero
987 1379 1202 1440 transeunte,
1235 1366 1332 1432 fimut
1354 1382 1388 1434 et

236 1520 242 1530 ¹
270 1449 363 1512 allius
384 1449 543 1512 vocabur
565 1447 671 1513 virtue
693 1447 916 1514 revocabitur.
958 1449 1051 1521 ‘Cum
1078 1447 1169 1514 enim
1191 1471 1261 1515 non
1284 1449 1388 1516 fuerit

272 1533 367 1679 guod
384 1527 488 1596 loberi
511 1544 546 1595 et
563 1531 974 1618 circumscribitindigeat,
997 1533 1168 1618 quomodo
1186 1533 1250 1597 e'rit
1263 1534 1386 1598 locuti

298 1614 311 1678 i
339 1613 431 1678 enim
461 1611 559 1684 nihil!
577 1615 756 1691 locaverit,
791 1617 885 1682 locus
913 1637 984 1680 non
1014 1613 1087 1678 erit.
1139 1617 1191 1679 Eo
1225 1616 1388 1703 siquidem

271 1712 437 1785 pereunte
466 1699 717 1782 quoddocatur
767 1721 831 1785 qua
861 1697 993 1762 ratione
1022 1700 1117 1766 locta
1146 1696 1236 1764 erit?
1275 1705 1387 1766 Locua

273 1781 401 1868 quippe
431 1781 573 1844 omnino
604 1805 676 1847 non
701 1747 762 1857 esi,
799 1783 890 1867 quod
912 1780 995 1868 quid
1015 1802 1085 1848 non
1109 1783 1263 1848 collocat.
1307 1785 1385 1848 Nou

248 1897 250 1902 ·
272 1864 369 1932 aliter
392 1865 433 1928 de
455 1878 616 1947 tempore.
652 1868 797 1952 Quando
820 1866 910 1930 enim
934 1865 1045 1940 nullut
1060 1881 1172 1928 metue
1187 1865 1261 1942 erit,
1285 1888 1386 1952 quem

271 1948 427 2012 mensura
449 1947 611 2030 temporie
631 1971 702 2014 non
726 1947 858 2024 dividet
879 1963 916 2018 et
936 1951 1216 2034 comprehendet,
1247 1969 1387 2035 quomo·

273 2033 316 2094 do
339 2046 471 2113 tempus
494 2027 583 2094 erit?
619 2032 670 2096 Est
686 2031 783 2102 ,enirn
797 2047 873 2102 tem
901 2053 939 2096 ua
960 2033 1205 2096 morarumvel
1227 2049 1386 2098 motuum

271 2128 362 2177 certa
392 2127 426 2175 et
452 2114 614 2180 naturalia
651 2114 842 2188 dinre.nfio.;
895 2129 1033 2207 ereunte
1053 2113 1159 2203 igitur
1179 2118 1387 2212 quodmeu·
1448 2191 1449 2200 χ

270 2197 421 2269 furatur,
445 2208 478 2256 et
499 2193 586 2262 illud
608 2202 700 2286 quod
722 2199 862 2265 metitur
882 2195 1060 2264 necefferio
1083 2197 1219 2286 peribat.
1254 2203 1299 2264 In·
1316 2221 1384 2287 qno

166 2355 167 2358 Ἴ
211 2341 213 2344 ,
272 2278 364 2352 enim
394 2277 603 2378 intelligetur
633 2298 784 2370 tempus,
817 2286 953 2369 quando
984 2284 1098 2346 nutlm
1133 2281 1296 2347 sentietur
1316 2303 1386 2348 mc·

270 2362 356 2426 tue?
385 2365 431 2426 Ut
459 2382 551 2428 enirn
578 2383 691 2435 metue
725 2365 761 2432 in
796 2369 941 2453 quodam
963 2382 1058 2430 moto
1082 2365 1301 2442 continetnr;
1337 2367 1384 2430 itt
1448 2377 1449 2448 Τ

271 2453 405 2532 tempus
425 2443 462 2508 in
486 2452 632 2532 quodem
657 2446 809 2515 dimenso
832 2449 1382 2534 motu.‚1;8icutergomotuenon
1448 2471 1449 2508 t

218 2539 220 2546 '
271 2529 336 2594 erit
363 2531 499 2678 puando
528 2534 621 2595 nulla
653 2536 729 2619 pare
762 2533 882 2598 mundi
916 2533 1127 2606 movebitur,
1173 2532 1218 2597 ita
1251 2548 1383 2618 tempus

270 2634 406 2700 quano
442 2614 556 2678 nullus
584 2614 989 2690 mensurabiturz‘motua·
1034 2619 1085 2678 De
1108 2614 1250 2695 interitu
1271 2631 1382 2680 autern

153 2727 160 2733 ·
268 2694 390 2762 mundi
421 2715 459 2760 ac
491 2700 533 2776 de
563 2697 650 2773 fine,
684 2700 798 2766 nullus
830 2699 1073 2784 catholicorum
1100 2698 1250 2796 ambigit.
1306 2701 1382 2763 Non

149 2813 152 2821 ·
237 2837 240 2845 ,
270 2780 364 2846 enim
393 2780 461 2843 iola
489 2781 575 2846 ratio
609 2797 643 2844 et
671 2780 1033 2854 naturaiieneceffitac
1065 2785 1157 2868 quod
1186 2780 1383 2845 interiturus

270 2865 328 2943 stt,
363 2881 487 2928 uerum¹
519 2865 619 2930 etiam
642 2865 831 2934 divinarum
857 2867 1030 2932 literarum
1051 2863 1215 2930 veriffirna
1241 2864 1383 2930 auctori·

122 3019 128 3040 ί
229 2979 230 2982 “
269 2964 320 3012 tas
352 2949 559 3034 comprobat.
612 2949 755 3014 Maximi
784 2971 930 3036 namque
960 2949 1126 3036 sapientes
1159 2947 1281 3014 mundi
1312 2968 1382 3012 non

188 3049 195 3066 ·
273 3031 340 3096 ausr
361 3033 440 3094 sunt
462 3032 582 3102 docere
602 3035 656 3096 rel
679 3035 881 3106 concedere,
905 3035 999 3097 hunc
1019 3036 1185 3098 mundum
1206 3029 1383 3118 temporali

236 3125 240 3133 “
268 3113 379 3201 princi
405 3113 441 3177 io
470 3136 531 3200 per
551 3114 805 3202 generationem
826 3116 1014 3189 inchoare,
1051 3138 1095 3180 ne
1116 3129 1318 3201 cogerentur
1339 3115 1383 3178 fa·

270 3196 335 3261 teri
393 3218 472 3261 nem
504 3199 666 3285 temporie
692 3222 752 3293 per
789 3199 944 3274 occasum
965 3198 1159 3263 habiturum
1181 3198 1254 3264 effe.
1289 3199 1382 3266 Nam

170 3329 198 3344 ..
269 3281 292 3344 st
326 3283 492 3345 mundum
529 3284 706 3369 temporali
738 3281 935 3370 principio}
957 3281 1117 3354 inchoare
1147 3284 1382 3352 concederent,

205 3367 210 3382 '
268 3363 337 3427 bne
376 3385 443 3451 quo
468 3387 513 3429 ue
554 3366 714 3453 temporie
744 3364 920 3438 ruminari
951 3388 1079 3452 negare
1129 3385 1200 3428 non
1242 3365 1382 3451 poiient.

265 3449 414 3533 Ideoque
443 3387 580 3514 iilorum
601 3447 756 3536 quidam,
797 3451 963 3512 mundum
988 3465 1114 3520 toturn,
1149 3451 1231 3524 (hoc
1252 3447 1296 3511 est
1317 3469 1384 3510 rua·

267 3531 386 3596 teriem
417 3535 488 3611 ejne
511 3547 546 3600 et
566 3533 723 3606 formam)
759 3548 974 3601 coaeternum
997 3535 1071 3602 Deo
1092 3530 1213 3598 fuiffez
1269 3529 1384 3595 uidam

153 3621 159 3639 ⁸
265 3614 369 3680 solam
396 3615 577 3681 informem
597 3614 779 3688 ,materiem
815 3616 955 3687 astruere
975 3615 1090 3690 eonati
1112 3615 1206 3688 sunt3
1257 3633 1384 3678 ormam

191 3724 193 3730 ’
266 3697 368 3762 [olant
391 3713 425 3760 et
446 3698 684 3764 formationem
707 3699 826 3774 mundi
849 3703 922 3762 Dec
944 3700 1185 3765 attribuentes:
1207 3695 1382 3761 materiem

266 3799 347 3844 vero
370 3785 443 3860 ejus
464 3799 654 3857 aeternam,
679 3798 712 3844 et
734 3798 946 3851 coaeternam
967 3785 1042 3847 Deo
1063 3803 1122 3868 per
1143 3777 1284 3876 seipsam
1305 3779 1380 3842 iub·

266 3861 396 3938 stitisse3
418 3866 487 3928 Dei
506 3881 618 3932 tamen
641 3865 832 3931 formatoris
856 3864 1053 3953 indiguisse,
1077 3878 1113 3930 et
1133 3862 1167 3926 ie
1188 3862 1296 3953 cpiam
1316 3862 1382 3927 for·

265 3965 355 4012 mare
376 3967 448 4011 non
471 3949 618 4014 valniffe.

272 4073 311 4102 2„
330 4050 378 4114 ¹9·
404 4032 490 4095 Sena
510 4049 622 4096 autem
646 4048 680 4094 et
700 4031 913 4100 ecetefiastiea
933 4031 1089 4096 doctrina
1112 4027 1294 4096 firmiffime
1316 4047 1384 4092 cre·

199 4137 202 4144 ⁴
266 4109 336 4186 ait,
371 4127 405 4176 et
424 4113 682 4180 luculentiffirne
704 4113 889 4202 perspicit,
927 4137 1033 4180 unum
1057 4133 1091 4182 et
1111 4111 1382 4198 omnipotentem

348 4221 357 4228 ’
818 4226 822 4235 “
1130 4223 1141 4247 ἱ
