2854 4978
456 219 565 294 wer
588 217 743 301 rems.
1078 221 1162 297 8⁰²
1210 297 1211 300 r

54 413 213 483 buerant,
235 389 490 472 aeterne⁸fimul
509 419 545 472 et
563 405 653 478 fectu
673 407 748 472 elle.
790 405 895 490 Quod
912 407 1012 474 vuldo
1031 423 1163 474 contra·

53 494 142 558 rium
164 488 307 578 opinor,
340 507 376 556 et
395 489 535 584 merito3
569 513 649 556 num
668 493 753 556 haec
773 488 903 556 fibimet
922 490 1084 556 videntur
1104 513 1163 579 op·
1256 565 1259 576 ,

51 575 153 665 poni,
177 591 313 640 aeterua
334 575 448 652 luctis,
472 590 506 638 et
525 575 613 640 sacta
636 572 793 640 aeternio.
832 575 928 659 Quae
950 574 1042 640 enim
1060 592 1164 642 aeter-

50 681 92 726 na
114 659 213 734 sunt,
248 681 424 746 nunquam
445 656 515 724 inei
541 657 619 722 iunt
640 675 675 723 et
694 679 871 745 uunquam
892 657 1048 724 desinunt
1067 660 1164 726 subfi-

51 745 152 818 slere;
175 758 210 808 et
229 758 395 810 uouerat
416 764 504 828 quan
531 763 550 808 o
572 764 644 808 non
668 758 778 817 erent,
801 741 880 829 quia
901 741 1031 828 semper
1051 759 1176 814 erantt,

51 849 138 915 quae
157 847 240 892 vero
260 827 349 891 sacta
371 827 450 890 sunt
492 823 676 911 rincipium
691 827 841 892 secturae
855 826 932 890 suae
950 843 1163 912 acceperunt.

50 914 307 978 lnehoaverunt
327 909 419 976 enim
442 850 523 986 effe,
547 909 627 997 quia
648 925 718 974 erat
740 912 876 996 quaudo
898 929 969 973 uon
992 926 1108 988 erant3
1130 926 1166 976 et
1247 913 1249 924 '

51 995 209 1061 desinent
233 995 312 1070 elle,
347 993 428 1081 quia
456 992 704 1060 inchoaverunt
723 996 856 1058 habere.
898 993 1026 1058 Verusi
1051 992 1165 1060 uidem

47 1076 184 1144 ra'tione
203 1079 360 1143 'consulta
381 1099 484 1145 omne
505 1081 596 1164 quod
610 1075 735 1164 incipit
749 1077 978 1176 temporaliter
1040 1099 1069 1152 e,
1091 1099 1165 1144 non

48 1161 173 1228 sinitur
204 1161 335 1248 semper
366 1182 575 1249 permanere.
615 1161 752 1228 Necesse
773 1163 912 1248 qutdem
934 1160 978 1225 est
999 1163 1042 1227 ud
1062 1159 1167 1227 finem

47 1265 215 1332 vergere,
231 1243 270 1309 in
292 1264 360 1392 ppo
381 1243 516 1332 cogitur
529 1247 621 1332 quod
638 1261 790 1332 tempore
805 1242 931 1331 incipit
942 1244 1022 1320 esse,
1043 1244 1166 1343 perire.

47 1332 94 1393 Et
127 1348 231 1394 nemo
262 1349 300 1406 ue
329 1328 411 1394 'met
436 1351 493 1396 me
521 1331 608 1394 velle
628 1329 766 1394 suadere
786 1327 934 1399 reditum
956 1329 999 1394 ad
1018 1328 1167 1394 nihilum

48 1434 172 1478 eorum
214 1432 279 1476 uuo
299 1411 530 1500 temporaliter
551 1435 591 1478 ex
610 1412 751 1482 materia
771 1434 832 1498 per
854 1409 1109 1498 generationem
1128 1411 1166 1477 in

46 1499 183 1562 mundo
230 1511 312 1571 unt,
345 1499 413 1564 hoc
435 1495 527 1564 enim
549 1497 717 1562 summum
737 1495 834 1560 fieret
854 1497 998 1560 malum:
1031 1495 1169 1563 solutio-

46 1603 133 1646 nem
162 1600 245 1644 vero
277 1601 395 1646 eorum
424 1579 462 1644 in
492 1602 530 1644 ca
558 1602 599 1644 ex
642 1580 743 1644 uibus
765 1595 1039 1665 componuntur,
1073 1596 1109 1646 et
1129 1579 1167 1644 in

25 1661 473 1751 ¹quibuesubsrllunt,dico.
495 1665 627 1728 Namet
658 1678 1167 1750 umanacorporaoaeterorum·

48 1769 117 1835 que
134 1745 342 1823 animalium,
359 1745 440 1812 dum
450 1748 627 1812 solvuntur
637 1746 747 1833 perire
758 1745 938 1812 dicunturt
960 1767 1031 1812 non
1040 1749 1166 1814 turned
1243 1817 1244 1820 ,

45 1829 200 1896 nihilum
216 1829 427 1916 rediguntur,
448 1830 505 1894 led
520 1829 558 1894 in
576 1829 742 1895 catholica
758 1845 978 1915 revertuntur
989 1831 1168 1900 elementa.
1271 1835 1272 1839 ’
1310 1839 1312 1846 ’
1337 1899 1343 1920 p

47 1907 108 1980 Et'
124 1918 195 1978 hoc
226 1912 427 1999 generaliter
455 1915 498 1981 de
524 1911 740 1978 univerfitate
765 1909 1010 1994 hujusmundi
1029 1911 1169 1982 visibilis
1222 1927 1225 1943 ⁴

47 1996 274 2094 intelligitur,
308 2019 374 2062 nec
404 1995 605 2082 incongrue.
647 1999 735 2061 Nam
765 1995 928 2084 quoniam
958 1995 1167 2086 principium

47 2083 180 2146 ellendr
200 2079 351 2166 occepit,
375 2078 532 2144 essentiae
553 2080 632 2144 suae
651 2076 834 2146 terminum
856 2079 1101 2148 inevitabiliter
1116 2103 1167 2146 ae·

48 2181 215 2251 ceptumt
238 2163 293 2230 est.
339 2162 436 2228 Sicut
457 2162 550 2228 euim
571 2179 642 2228 erat
662 2167 799 2310 puando
820 2185 892 2228 non
914 2178 1001 2238 erat,
1034 2165 1082 2230 ita
1103 2164 1169 2230 erit

48 2250 191 2336 quando
221 2267 292 2311 non
321 2247 403 2324 erit,
433 2246 601 2312 Psalmislu
634 2263 666 2310 te
694 2262 788 2320 ante,
822 2263 1168 2332 aeternoquererum

52 2330 236 2398 conditore
256 2333 506 2416 proclamante3
527 2353 629 2412 opera
648 2353 800 2394 munuum
821 2345 953 2396 tuarum
964 2324 1050 2424 sunt
1069 2335 1171 2400 coeli:

49 2414 118 2507 ipse
138 2415 319 2498 peribunt,
340 2419 387 2480 :lu
407 2429 517 2483 autem
536 2417 755 2496 permanebis,
778 2428 814 2479 et
836 2437 947 2480 omnes
955 2413 1051 2502 stcut
1067 2416 1169 2508 oesti-

50 2513 198 2566 mentum
225 2511 452 2574 uetmascmt,
482 2513 517 2562 et
551 2513 621 2562 teut
640 2502 842 2582 opertorium
862 2503 1006 2568 mutabis
1025 2523 1103 2576 eos,
1135 2513 1171 2564 et

48 2585 285 2660 mutabundum
323 2589 370 2648 lit
389 2598 500 2648 autem
521 2585 609 2647 idem
629 2579 701 2678 ipse
722 2607 772 2656 es,
804 2597 839 2647 et
857 2589 938 2648 anui
956 2583 1010 2652 tui
1028 2607 1094 2650 nou
1113 2585 1169 2652 de·

38 2670 179 2762 ficient.
221 2667 296 2752 lpse
317 2666 419 2734 etiam
441 2665 600 2732 cotiditor
621 2666 794 2744 omnium,
821 2669 960 2748 coelum,
988 2673 1111 2754 inquit,
1134 2683 1169 2734 et

48 2769 149 2822 terra
167 2751 375 2824 transibunt,
407 2751 510 2817 verbu
530 2763 639 2814 autem
660 2775 733 2816 mea
751 2775 814 2826 uon
836 2759 1010 2819 transient.
1056 2753 1092 2819 si
1113 2775 1169 2818 au·

49 2856 126 2904 tem
148 2834 293 2901 maxima
314 2837 331 2898 s
352 2833 439 2910 atio,
465 2835 758 2922 pulcherrimaque
779 2833 982 2902 sublimitete
1002 2839 1170 2922 syderum,

50 2938 89 2986 et
144 2917 294 2984 uriffima
321 2860 505 2984 iirbtilitute
535 2934 693 2994 naturae,
728 2919 813 2983 slatu
842 2921 1000 2987 astrorum
1032 2923 1170 2996 consito,

48 2945 156 3072 curli
185 3002 374 3068 harmonici
403 3001 543 3068 luminii
573 3003 703 3088 semper
722 3003 824 3089 plena
844 3024 921 3089 part
942 3005 1064 3070 mundi
1083 3003 1173 3104 peri·
1248 3085 1250 3089 ,

49 3105 132 3153 ture
161 3087 220 3164 fit,
262 3087 342 3151 telle
369 3084 432 3150 scri
459 3101 549 3161 tura,
582 3084 740 3173 nunquid
767 3089 959 3172 putandum
990 3087 1170 3154 interiore·

47 3187 179 3271 purten,
202 3190 242 3235 ac
261 3171 370 3234 multo
392 3109 568 3234 inlerioree
583 3169 839 3256 permansurae?
862 3169 1063 3236 Melioribus
1079 3172 1171 3242 enim

47 3251 309 3321 intereuntibus
340 3251 502 3318 inferiora
532 3273 603 3318 non
635 3252 775 3320 interire
805 3253 1010 3342 impossibile
1040 3256 1102 3336 eil,
1136 3269 1172 3320 et

50 3342 142 3405 dum
172 3337 323 3401 aufertur
354 3339 448 3422 quod
474 3335 647 3414 continet,
688 3341 781 3425 quod
811 3338 1009 3403 continetur
1036 3359 1173 3404 manere

47 3443 137 3487 vcra
166 3441 238 3486 uon
258 3419 338 3484 finit
356 3419 461 3485 ratio:
491 3422 558 3483 hoc
578 3437 691 3486 autem
714 3420 859 3486 dicimur
881 3425 923 3487 nd
946 3419 1173 3487 differentiam

49 3527 177 3572 eorum
209 3525 297 3590 quae
324 3519 459 3567 aeterna
487 3502 567 3566 sunt
596 3507 636 3568 ab
664 3504 718 3569 hie
746 3526 832 3592 quae
854 3504 942 3570 sacta
964 3505 1051 3568 sunt
1093 3499 1174 3568 Non·

49 3589 152 3654 enim
184 3608 289 3674 parra
309 3585 464 3652 distantia
486 3584 530 3649 eli
545 3583 642 3658 ,inter
662 3609 700 3652 ea
722 3606 808 3674 quae
829 3610 894 3654 nec
914 3585 1090 3674 incipiunt
1111 3585 1173 3650 esse

47 3694 123 3738 nee
152 3671 326 3746 destnunt,
361 3685 397 3734 et
428 3691 466 3735 eu
493 3689 579 3756 quae
608 3667 773 3736 inchoant
792 3671 866 3737 ‘effe
894 3686 929 3736 et
949 3693 1021 3737 non
1038 3670 1176 3760 possunt
1240 3748 1245 3754 .

47 3757 189 3844 semper
216 3775 425 3842 permonere.
465 3754 546 3817 Non
575 3749 682 3839 igitur
707 3755 776 3820 stne
803 3755 903 3822 ceusu
932 3755 1021 3822 aciet
1048 3750 1175 3820 mentio

47 3839 174 3905 minut
195 3837 276 3904 talia
296 3835 407 3903 intelli
432 3834 565 3902 entium
584 3836 827 3923 repercutitur,
853 3842 991 3928 quando
1015 3838 1048 3904 ei
1071 3833 1175 3903 aiter·

46 3945 103 3990 na
124 3924 188 3988 else
208 3923 321 3998 sueta,
342 3938 377 3987 et
396 3859 486 3986 fieta
508 3935 643 4001 aeterne
662 3922 830 3986 suadetur.
873 3927 959 3991 Num
980 3945 1052 3990 uon
1075 3919 1175 3990 stelle

47 4005 263 4073 crediderim
284 4021 318 4071 te
339 4003 532 4072 consentire
551 4005 605 4070 hie
627 4005 686 4093 qui
706 4005 832 4076 volunt
848 4006 958 4074 intelli
984 4029 1058 4084 ere,
1089 4005 1175 4072 mul·
1227 4033 1229 4044 ¹

48 4109 91 4156 ta
118 4113 157 4156 ex
177 4089 231 4155 hie
252 4109 338 4177 quue
358 4091 447 4156 factu
467 4089 564 4166 sunt,
595 4087 665 4156 imo
712 4109 796 4156 eene
817 4091 932 4158 omnia
968 4113 1082 4192 emper
1101 4109 1175 4177 per·

47 4175 234 4252 mansure,
266 4195 307 4242 ue
332 4197 393 4262 per
419 4175 488 4242 hoe
515 4173 630 4240 sutura
674 4197 720 4256 „e
751 4189 905 4240 aeternat
938 4177 1034 4242 verbi
1055 4171 1173 4263 gratio

1174 4351 1184 4380 l
