2958 4978
311 1059 936 1214 Pounnaito

16 1487 18 1492 ,
121 1427 309 1488 OHANNES
322 1427 469 1489 scotus
484 1429 660 1490 ERIGENA
672 1427 699 1501 ¹)
717 1424 1029 1512 generallibernnn
1040 1422 1068 1500 ²)
1083 1439 1181 1490 natus

146 1508 278 1574 fortalle
307 1507 395 1575 circa
423 1529 550 1574 annum
579 1519 674 1587 aaa,
707 1509 743 1573 in
765 1509 872 1598 patria
892 1509 1065 1573 literarum
1087 1509 1182 1572 cultu

84 1605 154 1656 tnnc
184 1590 351 1678 temporis
382 1593 535 1657 omnium
569 1591 801 1670 celeberrima,
832 1613 854 1658 o
879 1590 1038 1658 simarum
1060 1589 1190 1655 artium·

16 1705 17 1712 ι
83 1673 182 1739 studiis
219 1691 255 1740 et
271 1675 571 1798 ¹Graecisepuoque
594 1675 757 1740 doctrinis
780 1692 814 1740 et
833 1615 965 1766 piiloio
989 1675 1047 1739 hia
1068 1677 1182 1740 admo·

83 1758 150 1820 dnm
180 1762 338 1824 eruditus
367 1759 420 1824 eit
458 1764 472 1837 )
514 1757 648 1858 Quibus
679 1759 838 1846 perlectis
859 1759 925 1824 fort
971 1763 1076 1840 eiam
1098 1773 1183 1822 tunc

83 1841 326 1907 consecratione
348 1844 543 1908 sacerdotali
565 1842 784 1930 inauguratus
807 1841 900 1920 (licet
923 1840 1082 1909 nonnulli
1103 1861 1183 1906 eum

81 1922 188 1990 laicum
208 1927 362 1990 manliffe
384 1942 528 2014 putent,
567 1926 691 2025 aliique
713 1931 754 1991 de
774 1925 972 2014 longinquis
992 1924 1182 1999 itineribus,

82 2005 189 2150 puihus
210 2010 389 2075 Graeciam
415 2025 449 2074 et
464 2009 574 2097 ipsum
586 2011 760 2074 Orientem
774 2011 973 2086 visitaverit,
995 2009 1182 2074 sermonem

94 2089 226 2167 acient),
250 2108 295 2156 ut
315 2095 375 2159 illo
400 2110 552 2180 tempore
570 2094 670 2158 multi
716 2092 906 2180 opularinm
929 2099 1019 2174 ejus,
1048 2091 1085 2156 in
1109 2093 1183 2156 Gal·

81 2171 147 2238 liam
168 2176 200 2239 ie
220 2175 384 2242 contulit.
426 2176 492 2242 Ubi
514 2179 654 2242 Carolus
708 2180 899 2253 silvester,
922 2176 960 2240 in
982 2195 1183 2262 promoven·

82 2257 123 2320 dis
143 2256 246 2324 literis
276 2281 351 2326 acer
372 2275 406 2324 et
425 2260 628 2337 industrius,
653 2283 730 2326 oum
751 2259 891 2326 Parilios
914 2254 1050 2324 vocavit
1065 2273 1099 2322 et
1112 2279 1181 2322 ms·

80 2339 199 2484 pitirum
224 2341 266 2407 in
292 2345 428 2414 mathefi
450 2359 489 2428 etv
506 2343 700 2420 dialectica,
723 2343 972 2492 praesidemppe
984 2343 1116 2407 scholae
1128 2363 1183 2405 au·

90 2444 152 2488 reue
190 2442 280 2492 tuno
316 2449 477 2516 perquam
515 2430 621 2492 clarae
663 2425 846 2493 constituit.
945 2426 999 2516 egi
1031 2423 1180 2490 hilaritas

81 2511 195 2584 ejurat
216 2512 331 2574 facete
360 2510 534 2600 ingeniose
559 2533 601 2576 na
623 2511 712 2576 dicta
734 2532 938 2598 magnopere
963 2511 1182 2599 placuerunt3

80 2610 167 2674 qnare
189 2594 318 2659 Carolo
338 2615 417 2659 mox
438 2593 537 2659 amici
563 2617 669 2670 rmus,
709 2595 779 2660 imo
800 2596 898 2682 saepe
917 2596 1051 2659 mensae
1072 2591 1182 2658 locius
1268 2608 1272 2618 “

80 2687 167 2757 atque
194 2678 456 2752 contubernalis
484 2679 614 2755 iactut,
648 2680 765 2765 procul
801 2679 906 2743 dubio
936 2679 978 2742 ad
1009 2675 1182 2742 incitanda

81 2775 262 2842 opportune
299 2761 400 2826 etiam
428 2777 519 2826 extra
547 2765 664 2827 urbem
686 2762 844 2838 Porinos,
882 2778 956 2827 toto
973 2763 1183 2831 Francorum

81 2861 171 2987 {titt
201 2842 1107 3013 little:tltmetltll‘ffltlnillitttltt
1122 2861 1182 2986 tt:

18 2995 19 3076 i
80 3005 210 3090 plicatur
239 3007 297 3074 eil.
340 3011 528 3074 Monachus
559 3007 650 3073 enim
684 3008 825 3074 natione
848 3007 933 3072 Saxo
956 3007 1183 3072 Godescal·

18 3161 21 3266 i
107 3227 131 3282 ll
148 3225 186 3284 Cf.
205 3225 286 3298 Opur
305 3225 438 3296 egregium
456 3225 530 3296 quod
558 3225 626 3280 Prot.
654 3226 701 3280 Dr.
731 3223 1030 3292 Stoudcnmaycr
1056 3223 1181 3292 scripsit:

135 3293 278 3348 lohannes
295 3293 391 3348 Scotus
409 3295 522 3365 Erigena
540 3296 596 3348 und
614 3294 658 3348 die
675 3293 870 3350 Wissenschalt
887 3297 975 3345 seiner
992 3293 1058 3344 Zeit.
1081 3293 1101 3342 l.
1121 3291 1183 3342 Vol.

94 3395 97 3402 ·
137 3361 240 3416 Franci.
269 3359 340 3438 usal.
371 3363 447 3422 1834.
491 3364 567 3433 Quae
594 3367 635 3416 vir
653 3365 700 3416 ille
718 3364 889 3416 doctissimus
909 3363 967 3424 ibi,
991 3379 1017 3430 p.
1040 3361 1182 3420 102—213.

138 3431 310 3502 disputavit,
335 3448 367 3484 ea
392 3433 439 3482 hic
463 3434 523 3496 ita,
549 3442 580 3485 ut
605 3436 634 3486 in
652 3433 732 3486 robur
748 3441 853 3486 tanturn
871 3432 983 3484 minoris
1000 3430 1131 3485 momenti
1150 3429 1183 3480 ab

139 3502 211 3554 illius
229 3501 369 3554 replentia
386 3499 584 3586 discrepemus,
602 3501 721 3555 breviter
738 3503 916 3622 exposuimus.
1056 3567 1062 3580 Ι
1108 3567 1113 3578 .

104 3571 131 3632 2)
148 3569 314 3624 certissimis
332 3579 493 3637 argumentis
512 3570 715 3637 coplirmuthoc
733 3573 757 3624 T
797 3587 890 3622 omas
909 3569 1034 3621 Moorc
1055 3585 1084 3618 tn
1096 3564 1180 3616 libro:

138 3639 251 3708 History
277 3639 310 3691 oi
330 3637 444 3689 lreland.
470 3639 541 3691 Tom
567 3641 588 3695 1.
614 3655 672 3708 cup.
693 3641 735 3698 13,
772 3637 982 3704 Staudensnayer
1008 3635 1188 3694 Ειίιιιιοιι,Δ

46 3741 50 3754 .
138 3705 291 3762 Brittaniae
318 3707 426 3771 locum,
450 3707 578 3776 Erigonae
595 3709 711 3778 patriam
727 3708 808 3772 fuisse
825 3714 918 3776 putat;
943 3705 1008 3765 alii,
1034 3717 1182 3770 cognomen

19 3725 23 3920 Ι
138 3775 249 3832 Senti
266 3777 337 3830 male
355 3776 583 3846 interpretantes,
600 3791 662 3832 eum
680 3778 709 3830 in
726 3785 796 3828 terra
813 3777 883 3845 quas
900 3790 972 3827 nune
989 3771 1080 3824 Scotto
1089 3771 1183 3840 appol-

138 3843 210 3898 latur
227 3853 397 3899 natum-osse
415 3845 610 3899 existimarunt.

20 3921 22 3962 l
104 3913 131 3972 31
147 3916 207 3968 luto
234 3913 374 3967 hebraicas
398 3921 428 3968 et
452 3915 565 3968 fortene
590 3911 694 3983 Syrloas
719 3915 803 3966 etlam
834 3913 923 3964 literas
940 3908 1068 3963 didicisse
1083 3906 1180 3968 fortun,

20 3975 22 3994 '
139 3985 172 4040 ci.
191 3983 333 4042 lohannes
352 3981 447 4036 Scotus
465 3984 509 4034 Eri
527 4000 596 4048 ena,
614 3985 660 4036 ein
677 3983 783 4052 Beitrag
801 3977 1182 4033 zurGrsrliiclrtederelirlstl.

140 4051 321 4123 Philosophia
347 4053 398 4104 mit
422 4002 586 4105 besonierer
609 4050 756 4104 Riicltsicht
782 4052 830 4100 aut
844 4051 888 4104 ilic
908 4049 1111 4116 llarstetlungen
1130 4061 1182 4096 von

139 4119 223 4184 lljort
240 4121 298 4174 und
315 4119 539 4188 Staudenmayer‚
562 4121 716 4176 bearbeites
734 4139 788 4172 von
808 4119 890 4180 Dirc
919 4119 946 4170 l'.
967 4117 1052 4176 Hori,
1072 4115 1180 4186 llplrom.
1220 4141 1230 4162 .-

139 4185 277 4242 Bsnnens.
294 4191 336 4248 ltl.
357 4191 455 4245 l'aseic.
476 4189 552 4251 1835.
590 4258 593 4266 Ι
753 4213 756 4222 ·

730 4292 787 4358 *2
