2948 4978
4 4089 6 4096 ’
93 4082 176 4146 Nou

508 233 788 311 caeram
1157 191 1289 370 ea·-

102 420 248 488 ditamm
267 437 382 486 rerum
404 439 445 506 pt
489 417 540 486 rie
559 419 815 508 praedicantur,
837 423 881 488 de
899 419 1077 492 conditore
1096 423 1229 490 rerum'

7 577 8 584 ἵ
100 527 159 592 per
188 503 423 590 Metaphoram
526 502 663 570 iberndi
692 502 799 592 gratia
826 503 1004 576 dicuntur:
1036 503 1084 572 ita
1106 505 1209 574 etiam

101 585 355 676 categoriarum
376 584 461 672 figni
487 581 653 662 cationcl,
687 609 772 676 quae
791 587 927 686 proprie
947 587 982 656 in
1005 593 1106 656 rebus
1128 612 1209 658 con·

100 670 179 736 ditia
206 668 473 758 dignoscuntur,
505 672 547 734 de
578 670 675 736 causa
710 673 865 737 omniurn
884 692 955 738 non
977 673 1117 740 absurde
1136 673 1211 760 poi·

98 755 177 818 [out
195 753 358 840 proferri,
380 773 451 819 nou
472 769 512 816 ut
556 753 713 840 ropriefi
761 754 878 820 ificent
896 755 1006 844 quidi
1032 757 1064 821 l'a
1081 757 1130 832 stt,
1150 757 1209 824 ied

98 835 378 935 ut·tranalative,
415 833 497 923 quid
527 775 569 902 ie
598 857 637 902 ea
663 858 710 903 no
734 835 762 902 it
791 840 993 924 quodammo
1020 860 1040 906 o
1062 861 1135 906 eam
1157 838 1209 906 in·

97 920 310 1068 {memfibos
333 917 561 1018 ,pfobabiliter
593 919 812 1018 cogitandum
842 921 901 1020 est!
939 922 1110 988 suadeant.
1162 926 1208 988 D.

126 1004 196 1068 lare
225 1002 418 1101 conspreto,
450 1001 549 1079 nulla,
573 1017 705 1068 ratione
736 1005 930 1092 Categonat
953 1007 995 1070 de
1016 1021 1136 1070 natura
1155 1027 1207 1072 rn-

96 1083 223 1150 effabili
254 1106 390 1172 proprie
421 1085 510 1170 polle
530 1085 724 1172 praedicari.
768 1089 854 1152 Nam
877 1101 912 1152 et
931 1087 955 1154 fi
977 1089 1087 1188 aliqua
1109 1089 1206 1154 Cate-
1331 1110 1334 1114 ·

95 1168 265 1255 goriarum
286 1171 328 1234 de
348 1171 422 1232 Deo
445 1167 581 1254 proprie
601 1169 864 1256 praedicaretur,
887 1173 1069 1236 uccellano
1090 1173 1206 1238 Genua
1279 1221 1283 1228 ·

96 1253 159 1318 effe
179 1252 274 1316 Deua
297 1253 507 1338 sequeretur,
542 1254 635 1318 Deua
655 1267 768 1318 autem
789 1276 855 1320 nec
875 1257 1008 1332 Genua,
1040 1275 1106 1320 nec
1127 1255 1207 1352 Spe·

95 1333 185 1410 ciet,
218 1355 284 1400 nec
312 1333 477 1400 Accidens
505 1330 559 1399 est
601 1337 710 1400 Nulla·
729 1336 834 1424 igitur
863 1337 1041 1437 categoria
1070 1358 1208 1424 proprie
1316 1405 1319 1418 ,
1419 1341 1425 1351 ’

95 1421 209 1484 Deum
235 1416 420 1504 fignificare
440 1417 557 1502 potest.
602 1421 650 1483 M.
680 1423 785 1486 Recte
809 1420 970 1498 intuerit,
1000 1442 1071 1486 non
1093 1435 1207 1485 autem

94 1499 131 1564 iu
153 1521 303 1574 vanum,
337 1516 377 1564 ut
397 1498 557 1576 arbitror,
597 1499 633 1568 in
654 1502 834 1588 praedictio
853 1503 1043 1570 rationibus
1065 1506 1207 1568 duarum

94 1582 245 1670 partium
267 1583 475 1670 'l'heologiae
494 1583 612 1650 sudare
635 1583 816 1652 voluimus.
858 1589 937 1653 Non
961 1585 1054 1652 enim
1075 1602 1142 1666 tarn
1157 1585 1206 1650 fa·

97 1667 162 1732 cile
183 1687 223 1732 ac
243 1666 314 1731 fere
334 1669 459 1754 absque
479 1667 551 1744 ullo
572 1669 686 1732 labore
707 1671 751 1734 ad
770 1673 859 1736 hanc
875 1671 958 1738 Cute
982 1669 1129 1735 oriarum
1140 1665 1205 1733 dia·
1249 1736 1252 1747 ,

94 1745 308 1836 putationem
366 1748 517 1816 ervenire
538 1749 767 1826 valuissemus,
798 1774 870 1819 non
894 1776 939 1852 po
966 1775 984 1817 e
1005 1753 1048 1818 ic.
1070 1748 1207 1838 proprie
1329 1769 1332 1776 ·

96 1835 138 1898 de
158 1835 234 1898 Deo
256 1773 459 1919 praedicari,
481 1832 544 1898 nifi
564 1832 658 1920 priua
681 1836 723 1899 de
742 1833 1015 1920 primordialibus
1036 1835 1139 1900 caude
1161 1836 1203 1900 ab
1232 1854 1238 1866 ·

92 1938 163 1982 una
183 1915 338 1981 omnium
359 1915 456 1980 caula
477 1915 716 2002 praeconditis,
750 1917 931 1984 Ellentiam
951 1917 1040 1996 dico,
1068 1915 1206 2013 Bpnita·

94 2015 182 2074 tem,
213 1999 400 2074 Virtutem,
429 1998 642 2075 Veritatem,
665 1998 890 2087 Sapientiam,
913 2016 1057 2067 caeterae
1080 2023 1124 2064 ue
1143 2001 1206 2066 hu·

92 2081 261 2164 imnodi,
290 2083 334 2148 ad
389 2105 488 2146 urum
521 2082 780 2161 conficeremus,
810 2105 880 2150 non
903 2083 1000 2150 aliter
1018 2022 1081 2149 nii
1102 2098 1207 2148 uana·

93 2166 198 2232 latire
218 2169 330 2232 Deum
361 2165 545 2254 ignibcare.
588 2168 675 2232 Nam
694 2166 719 2231 fi
740 2166 985 2232 sublimiffimae
1005 2181 1202 2233 naturarum

94 2248 250 2316 omnium
286 2248 358 2347 post
391 2271 465 2313 eam
492 2247 722 2347 ordinatarutu
755 2266 885 2317 creatae
914 2250 1037 2349 caulae,
1060 2249 1205 2348 lolipque
1262 2261 1266 2268 “

94 2331 1206 2498 tlt?,bt¹¹3„illeill¹²dtttl2⁰llllll‚bilbili:

95 2503 140 2566 do
161 2503 276 2564 earum'
296 2498 470 2563 vocabulis
493 2520 531 2564 ea
551 2498 688 2586 proprie
710 2498 809 2597 pollit
830 2499 1029 2588 fignificari3
1051 2497 1135 2585 quid
1155 2495 1204 2562 di·

94 2584 244 2648 cendum
266 2581 310 2646 est
330 2584 371 2645 de
392 2581 445 2645 hia
467 2584 582 2646 decem
910 2581 918 2598 '

92 2667 201 2730 totum
221 2663 259 2730 in
279 2665 380 2730 reblte
401 2663 510 2730 intelli
536 2605 683 2740 labiim,
707 2687 827 2730 verum
848 2666 950 2730 etiam
968 2663 1117 2730 inrebut
1131 2663 1203 2728 sen·

95 2748 245 2814 libilibnc
268 2687 538 2834 digitoacunturi
562 2747 737 2833 Numquid
758 2747 918 2813 credibile
939 2745 984 2811 est
1004 2762 1043 2810 ut
1062 2767 1140 2810 vere
1164 2764 1204 2809 ac

116 2830 233 2918 roprie
253 2833 296 2896 de
318 2829 433 2897 divina
454 2847 554 2916 atque
575 2829 739 2895 ineffabili
759 2846 878 2895 natura
926 2825 1202 2894 raedicerenturi

92 2857 139 2980 it.
174 2919 227 2980 lta
255 2911 397 2978 arbitror
423 2912 622 2980 incredibile
654 2914 727 2977 elle.
780 2915 859 2978 Non
888 2853 932 2976 eit
961 2909 1067 3013 igitur
1092 2900 1203 2986 circio,
1313 2987 1319 3002 Ι

93 2996 176 3088 quia
197 2999 273 3085 plue
296 2996 340 3062 est
360 3017 460 3102 quam
482 2987 601 3072 cirola,
635 3011 670 3058 et
691 3012 803 3060 tamen
825 2993 950 3060 dicitur
971 2991 1088 3070 occia,
1123 2989 1204 3082 quia

93 3079 252 3148 omnium
281 3069 403 3146 οὖσιων
435 3079 527 3145 idem
554 3077 763 3144 effentiarum
791 3077 932 3144 creatrix
960 3077 1016 3160 est.
1057 3077 1137 3142 Non
1160 3075 1204 3140 etl

92 3159 1202 3333 lffldlllltlltblll“fftnilclltlllll{¹¹²3}

93 3329 268 3407 titudine,
304 3329 510 3404 Altitudine3
544 3349 629 3415 quae
658 3327 740 3392 item
767 3329 830 3392 tria
851 3326 1106 3415 spatia,ienario
1127 3346 1205 3413 pro·
1261 3327 1274 3340 “

93 3415 286 3478 tenduntur
305 3430 469 3494 numero;
499 3411 795 3497 nam-Longitudo
816 3412 943 3476 sursum
967 3424 1003 3474 et
1025 3409 1203 3494 deorsum3

92 3496 249 3562 Altitudo
279 3511 358 3560 ante
387 3511 420 3559 et
447 3509 558 3578 retr03
594 3494 754 3558 Latitudo
784 3493 990 3561 dextrorsum
1011 3507 1046 3558 et
1065 3490 1204 3556 finistro·
1268 3491 1272 3500 '

92 3582 169 3645 [um
189 3576 390 3676 porrigitur:
412 3581 504 3642 Deua
526 3593 637 3642 autem
659 3575 754 3641 omni
775 3577 882 3664 ipatip
903 3590 1012 3652 earet,
1033 3587 1125 3640 caret
1141 3571 1203 3659 igi·

92 3679 152 3728 tur
181 3677 383 3748 quautrtate.
426 3665 511 3725 ltem
543 3657 711 3746 quantitac
742 3659 787 3722 est
814 3659 852 3726 in
880 3678 1023 3724 numero
1044 3653 1202 3744 partium,

91 3761 157 3812 aut
180 3743 379 3810 naturaliter
406 3747 679 3822 conjunctarum,
714 3753 755 3806 ut
784 3742 829 3806 est
856 3739 963 3814 linea,
997 3753 1032 3804 et
1053 3755 1202 3825 temput;

627 2586 783 2666 enerrbuo
804 2583 1003 2670 praedictio,
1026 2601 1112 2668 quae
1131 2600 1203 2646 nou
1322 2632 1327 2640 .

93 3845 157 3894 aut
175 3825 375 3893 naturaliter
397 3825 656 3912 disjunctarum,
677 3840 717 3888 ut
738 3825 816 3890 lunt
835 3821 996 3900 numeri,
1009 3823 1067 3888 [eu
1084 3841 1201 3909 corpo·
1302 3897 1304 3906 y

91 3913 181 3979 ralea
203 3913 263 3976 [eu
282 3909 525 4000 intelligibiles.
566 3908 692 3974 Divina
713 3925 825 3973 autem
845 3904 1022 3972 substantia
1039 3927 1104 3973 nec
1123 3927 1202 3971 corr·

92 3992 394 4144 ‘inui'ffiti-bu‘
429 3992 665 4092 componitur,
703 4013 768 4091 nec
799 3988 947 4057 dividuie
978 3987 1203 4088 distinguitur.

283 4093 390 4166 rgrtur
417 4091 596 4164 quantitas.
640 4077 819 4162 Quantitas
847 4089 960 4144 tamen
987 4093 1059 4140 non
1085 4092 1203 4138 tncon·

97 4184 181 4251 grue
203 4159 445 4230 denominatur
466 4162 599 4228 duobus
623 4137 752 4238 brodio,
775 4174 833 4226 aut
854 4157 932 4248 quia
955 4155 1123 4244 quantitao
1137 4155 1202 4222 iae·
1328 4223 1337 4240 ,
