2922 4978
258 231 358 318 eoo„
460 219 463 228 “
587 225 643 300 oe
660 173 1037 302 mamutium.

259 414 461 486 ambulabat
511 413 626 482 Castor
657 411 784 503 quipe
814 401 858 478 est
892 427 926 478 et
952 411 1115 478 temtator
1134 402 1365 498 plantationlr.

201 534 207 538 ·
259 523 361 592 quam
382 504 424 566 ad
445 499 511 564 ima
538 498 628 564 'nem
650 514 685 564 et
730 493 957 562 militudinem
977 495 1069 561 suam
1088 488 1281 582 plasmavit.
1304 494 1367 562 Cu·

258 591 313 668 jue
333 605 401 650 vox
421 519 678 670 inexpiinabilia
698 583 807 651 Atiam
827 581 885 645 aba·
905 581 966 646 ets
984 582 1070 644 haec
1091 597 1156 643 vox
1177 577 1222 641 eli
1241 591 1365 642 creato·

258 668 305 734 rie
334 670 516 733 humanam
546 680 700 732 naturam
727 663 947 752 increpantia.
997 665 1045 728 Ac
1074 661 1098 726 li
1127 659 1274 738 dixisset,
1312 659 1368 725 ubi

258 771 355 818 nune
375 772 410 816 ea
427 749 503 837 post
524 745 871 836 praevaricationem?
893 766 965 813 non
987 743 1079 810 enim
1098 741 1148 808 ibi
1171 757 1205 808 te
1224 743 1366 831 reperio,

259 833 321 899 ubi
351 849 386 898 te
418 848 567 898 creatum
595 853 785 918 cognoscor
817 851 888 898 uon
918 829 955 895 in
992 851 1029 893 ea
1053 827 1309 916 dignitateque
1330 829 1369 892 ad

258 915 442 1004 imaginem
471 932 506 982 et
532 913 796 982 similitudinem.
813 936 921 980 meam
944 929 977 978 tc
998 911 1083 986 secl,
1121 909 1292 987 invenior
1316 911 1369 976 sed

260 1002 461 1067 desertorem
483 999 704 1065 beatitudinia
724 998 796 1064 veri
817 995 957 1064 luminis
978 995 1199 1082 fugitantem,
1222 1009 1257 1058 et
1274 992 1369 1058 inla-

258 1082 362 1150 tebrie
391 1084 498 1148 malac
517 1081 744 1149 conscientiae
764 1081 955 1147 latitantem
975 1079 1135 1165 increpo,
1172 1077 1370 1164 caulemque

259 1181 338 1231 tuae
367 1164 621 1242 inobedientiae
649 1165 797 1254 inquiro.
846 1167 995 1232 Putasne
1025 1184 1079 1228 me
1111 1164 1270 1250 ignorare
1292 1158 1371 1248 quid

167 1273 171 1284 ’
259 1249 383 1325 iccilii,
402 1252 457 1330 vel
501 1272 546 1315 uo
568 1251 604 1314 fu
632 1249 698 1334 lli,
723 1250 776 1316 vel
801 1248 1248 1337 quomodotimcuevoeern
1261 1266 1370 1310 meam

259 1349 294 1398 te
317 1333 477 1398 abacondi
507 1333 536 1409 ',
566 1355 610 1398 ve
646 1333 929 1420 quemadmodum
950 1330 1141 1396 nuditatem
1165 1343 1278 1404 tuam,
1311 1327 1369 1392 fin·

208 1456 235 1466 ·-
259 1417 433 1482 ceritatem
455 1415 617 1484 videlicet
638 1433 672 1481 et
692 1416 937 1516 simplicitatem
957 1431 1115 1488 naturae,
1147 1411 1275 1512 ⁵¹¹.¹l¹¹.²
1298 1433 1373 1478 con·

152 1559 176 1576 ⁴
235 1499 351 1565 ·ditue
374 1518 463 1577 erae,
487 1499 559 1565 iero
579 1499 828 1587 recognovisti?
855 1499 980 1564 Nonne
1001 1501 1085 1562 haec
1107 1517 1221 1562 omnia
1243 1495 1372 1583 perpes·

260 1584 313 1649 sue
336 1604 391 1659 ee,
415 1583 494 1684 quia
516 1605 556 1648 ex
576 1583 600 1648 li
651 1605 671 1649 o
695 1588 736 1649 de
758 1603 826 1670 quo
847 1603 1083 1670 praeceperam
1104 1602 1148 1646 ne
1168 1581 1371 1656 comederet,

259 1665 457 1731 comedisti?
487 1689 591 1742 nom,
646 1681 719 1734 ‘non
750 1663 966 1740 comedisset,
997 1685 1069 1734 non
1091 1662 1232 1730 sortaffie
1252 1679 1371 1729 vocent

259 1749 505 1816 deambulantia
525 1750 563 1815 in
586 1764 619 1814 te
640 1749 800 1816 creatorie
823 1749 875 1814 tui
900 1748 1055 1831 timeret,
1086 1769 1152 1813 nec
1175 1769 1193 1812 a
1218 1745 1338 1814 faciei

256 1833 322 1899 liua
353 1835 388 1898 su
416 1855 503 1910 eree,
538 1853 604 1900 nec
633 1834 824 1899 nuditatem
855 1849 948 1898 tuam
977 1854 1078 1920 quam
1109 1831 1371 1919 praevaricano
1442 1847 1443 1860 ¹

257 1855 446 2004 perdidit,
470 1917 689 2002 cognovisset.

161 2003 167 2016 '
323 2018 374 2064 aa.
397 2002 450 2061 De
470 1998 565 2086 ligno
588 2016 702 2064 autem
722 1997 906 2064 interdicto
928 2009 963 2063 ct
983 1995 1030 2079 in,
1044 1997 1272 2085 superioribua
1290 1989 1373 2064 mul·

257 2095 293 2152 ta
310 2086 377 2161 jam
402 2079 564 2158 diximus,
587 2082 788 2170 Gregorium
812 2079 988 2148 Nissentrm
1007 2082 1040 2147 le
1065 2097 1201 2157 uenter,
1224 2096 1259 2147 et
1280 2099 1374 2146 nunc

257 2161 393 2230 iterum·
413 2163 562 2229 breuiter
591 2166 775 2232 dicendum
803 2165 964 2241 arbitror,
1005 2185 1051 2230 no
1076 2160 1200 2230 ilisfimi
1229 2161 1375 2252 magistri

206 2265 213 2289 ¹
256 2244 399 2312 Maximi
419 2247 579 2313 monachi
600 2251 731 2316 sensum
752 2247 1019 2315 introducentea.
1050 2249 1123 2336 lpse
1136 2247 1299 2336 siquidem
1314 2247 1375 2335 lig·

257 2351 342 2394 num
372 2329 533 2402 scientiae
560 2334 644 2398 boni
674 2349 709 2399 et
736 2333 816 2397 mali
846 2331 1009 2400 visibilem
1038 2349 1245 2408 creaturam,
1275 2353 1375 2420 quam

257 2415 361 2479 homo
377 2429 567 2501 creatorem
589 2419 685 2482 suum
709 2417 881 2492 delerent,
913 2417 1046 2482 secutur
1069 2415 1128 2490 eli,
1158 2415 1224 2480 elle
1251 2413 1376 2480 intelli·

258 2493 341 2596 git,
363 2497 420 2563 cui
440 2495 601 2566 videlicet
621 2517 792 2566 creaturae
814 2499 936 2565 visibili
959 2513 994 2564 et
1015 2499 1195 2568 delectatio
1217 2501 1301 2566 volu
1329 2515 1375 2563 ta·

257 2593 306 2679 tre
330 2582 431 2656 meli,
462 2597 498 2647 et
525 2584 703 2651 anxietatia
731 2585 875 2659 occasio,
913 2598 948 2647 et
975 2582 1108 2648 mortio
1124 2583 1213 2669 quali
1236 2523 1377 2671 quiiam

257 2681 384 2762 mixtur
414 2665 544 2731 fructus
577 2681 617 2734 ex
644 2672 737 2735 bono
759 2669 840 2732 fallo
862 2665 1016 2732 libidinie
1041 2681 1075 2730 et
1094 2671 1183 2732 malo
1206 2665 1378 2754 sequentia

257 2747 417 2814 tristitiae.
473 2752 575 2817 Nulla
611 2751 703 2817 enim
735 2750 914 2818 delectatio
935 2749 1083 2815 'visibilia
1114 2765 1287 2816 creaturae
1323 2747 1376 2824 en,

257 2847 358 2914 quam
388 2841 459 2897 non
487 2834 638 2920 sequitur
659 2837 794 2935 egestae.
837 2833 1126 2921 Egestatem'vero
1149 2832 1301 2920 sequitur
1322 2853 1379 2897 an·

256 2909 362 2975 xletaa
382 2911 573 3012 mortisque1
591 2917 731 2982 tristitia.
772 2921 818 2990 Et
838 2915 993 3014 quamvis
1017 2916 1185 2980 arridente
1200 2917 1379 3004 voluptate

255 2993 359 3092 lateat
387 2992 537 3092 anxietao
569 3013 603 3059 et
633 2999 729 3063 causa
756 3014 894 3074 morust
937 2997 1032 3062 simul
1062 3012 1176 3064 tamen
1207 3003 1380 3066 humanae

256 3097 389 3140 animae
410 3078 543 3154 insunt,
579 3080 742 3168 simulque
764 3079 946 3169 incipiunt.
991 3083 1089 3146 Latet
1110 3082 1202 3148 enim
1223 3081 1380 3148 vanxietas

255 3159 316 3222 sub
348 3164 492 3246 quadam
519 3162 598 3226 falsa
627 3163 863 3251 pulcritudine
892 3165 1098 3251 voluptatis,
1136 3183 1171 3231 et
1201 3165 1245 3233 eil
1266 3163 1378 3230 veluti

256 3241 394 3328 quidam
415 3242 540 3308 mixtur
563 3245 694 3313 stactam
719 3271 759 3313 ex
779 3248 923 3313 libidine
946 3264 1129 3334 apparente
1152 3243 1187 3314 et
1204 3249 1378 3316 anxietate

254 3324 393 3420 latente.
435 3327 627 3394 Deficiente
660 3353 740 3398 vero
763 3335 938 3419 voluptate
962 3349 996 3395 et
1018 3331 1244 3398 delectatione
1265 3330 1380 3398 visibi-

242 3407 298 3484 ,ln
318 3426 508 3488 creaturae,
530 3417 622 3479 nuda
643 3435 705 3502 per
726 3417 758 3482 se
780 3431 880 3502 atque
903 3431 1017 3504 aperta
1038 3431 1190 3482 remanet
1212 3415 1377 3491 amictae,

254 3511 342 3577 quae
364 3494 514 3560 nascitur
536 3518 576 3560 ex
598 3489 738 3584 egestaie
764 3501 966 3598 defectuque
987 3498 1127 3564 visibilia
1148 3499 1243 3564 boni.
1283 3498 1378 3564 Hinc

253 3575 425 3720 praefatae
444 3577 799 3729 Maximuesortaffin
820 3583 952 3670 inquit,
975 3583 1099 3666 ligm'tm
1131 3579 1195 3677 effe
1204 3581 1379 3676 seierrtr'u

275 3663 331 3724 oni
367 3674 401 3725 et
421 3665 502 3728 mali
519 3661 678 3754 vrfib‘em
699 3679 884 3731 creaturum
903 3669 960 3752 qui
979 3670 1127 3745 dixerit,
1161 3689 1225 3733 non
1246 3689 1270 3731 u
1288 3669 1378 3732 cert·

253 3753 328 3805 tote
348 3745 526 3814 aberrabit.
569 3749 760 3837 Voluptatis
782 3771 929 3838 namque
951 3766 985 3815 et
1005 3751 1184 3817 anxietatie
1199 3749 1377 3817 sectricem

252 3829 451 3895 naturaliter
482 3833 585 3897 habet
617 3833 886 3933 perceptionem.
938 3837 1005 3899 Aut
1039 3845 1144 3926 quum
1169 3851 1203 3900 et
1224 3833 1376 3900 rationea

251 3907 355 4008 habet
385 3912 573 4014 spiritualer
601 3918 783 3982 visibilium
821 3933 973 3985 creatura
1009 3933 1044 3984 et
1078 3919 1291 3984 intellectum
1313 3939 1377 3982 nu·

253 4004 410 4060 trrentee:
433 4013 610 4066 etiterum
632 4004 820 4067 naturalem
840 4001 1030 4088 potentiam
1052 4003 1186 4068 sensum
1206 4004 1376 4068 delectau-

241 4089 337 4176 ἱτειιιι,
361 4077 572 4149 intellectum
594 4107 674 4150 vero
698 4086 969 4161 subvertentem,
991 4085 1125 4176 lignum
1139 4085 1304 4152 scientiae
1315 4087 1375 4148 bo·

251 4177 289 4221 ur
313 4173 351 4222 et
378 4163 458 4230 mali
494 4170 659 4267 appellata
682 4169 745 4246 ell3
783 4168 864 4234 boni
887 4169 1049 4259 liquidem
1071 4171 1176 4236 babet
1196 4166 1373 4235 scientiam
