2912 4978
319 201 326 232 Ι

461 237 569 310 Liber
587 235 785 312 flectendus.
1110 239 1169 314 87

85 427 269 500 iderentur,
310 421 454 488 mirabili
485 422 634 510 'quadam
669 425 850 514 divinaque
881 419 1166 515 multiplicatione

84 507 241 595 procedit;
263 506 422 592 quoniam
445 528 525 572 vero
546 510 589 573 ad
610 513 751 576 eandem
771 509 919 592 caulam,
944 508 1060 577 omnia
1101 531 1166 576 uae

84 595 116 656 ab
137 613 171 654 ea
191 593 378 675 procedunt
400 591 479 654 dum
501 593 543 656 ad
564 592 667 657 finem
679 593 882 680 pervenient
896 593 1063 660 reversura
1074 531 1164 670 liunt,

84 687 245 760 propterea
271 672 349 737 linis
380 673 532 740 omnium
559 675 700 752 dicitur,
731 691 767 743 et
793 697 904 764 neque
924 698 1035 743 meare
1053 697 1167 763 neque

82 756 172 821 creari
192 755 405 852 perhibetur;
428 781 504 821 nam
526 758 697 848 postquam
721 759 758 824 in
774 781 847 826 eam
860 761 986 824 reversa
1002 759 1080 826 sunt
1096 780 1166 825 om·

81 840 145 914 nia,
165 841 213 902 ml
236 839 375 904 ulterius
400 843 439 904 ab
462 863 500 904 ea
519 863 580 926 per
600 841 852 928 generationem
871 845 948 908 loco
963 858 998 908 et
1014 858 1166 928 tempore

81 922 243 1010 generibus
265 938 300 985 et
320 922 437 986 formis
457 927 633 1010 procedet,
656 926 816 1012 qnoniam
836 925 873 990 in
897 947 935 990 ea
947 925 1061 990 omnia
1073 924 1166 1012 quie·

81 1021 109 1068 ta
135 1020 247 1080 erunt,
281 1020 315 1069 et
342 1027 448 1069 unum
471 1004 685 1072 individuum
707 1024 806 1097 atque
826 1008 1035 1074 immutabile
1054 1028 1168 1072 mane·
1264 1011 1272 1024 '

80 1091 161 1152 bunt.
204 1090 291 1152 Nam
313 1109 397 1174 quae
418 1087 455 1154 in
475 1089 737 1186 proceffionibus
757 1107 951 1157 naturarum
971 1089 1070 1156 multi
1094 1087 1168 1154 lici·

79 1185 121 1234 ter
147 1170 249 1234 divisa
277 1187 377 1257 atque
397 1188 519 1258 partita
540 1174 602 1238 effe
624 1173 804 1251 videntur,
835 1173 872 1239 in
893 1115 1167 1261 primordialibus

79 1254 169 1317 caufis
189 1253 288 1320 unita
308 1271 407 1341 atque
428 1277 536 1320 unum
557 1258 652 1333 iunt3
692 1261 853 1344 adquam
873 1258 1041 1322 unitatem
1059 1277 1168 1321 rever·

79 1338 158 1412 lura,
190 1336 229 1400 in
263 1359 302 1400 ea
333 1339 544 1403 aeternaliter
565 1355 664 1425 atque
685 1339 939 1405 immutabiliter
960 1341 1166 1415 manebunt;

79 1419 126 1484 led
152 1421 191 1484 de
222 1422 288 1484 bac
315 1439 432 1568 quarta
463 1423 684 1490 univerfitatis
709 1422 989 1500 consecratione,
1021 1419 1168 1511 quaein

79 1503 137 1568 solo
157 1507 229 1568 Deo
252 1503 324 1568 inte
338 1504 470 1590 ligitur,
494 1510 775 1591 quemadmodum
797 1523 831 1571 et
874 1506 978 1582 rima,
1009 1507 1069 1570 suo
1088 1507 1167 1570 loco

79 1585 166 1650 latius
179 1586 407 1672 disputabitur
424 1605 586 1672 quantum
599 1591 658 1653 lux
669 1590 835 1655 mentium
847 1531 1033 1656 donaverit.
1062 1588 1168 1674 Quod

79 1685 176 1732 autem
198 1671 385 1756 deprime,
418 1687 451 1734 et
476 1675 516 1736 de
559 1688 652 1736 uarta
675 1673 815 1747 dicitur,
848 1676 916 1737 hoc
937 1672 997 1748 est,
1024 1691 1090 1736 nec
1109 1669 1168 1734 illa

76 1773 131 1816 nec
156 1753 213 1816 illa
242 1769 390 1830 creatur,
420 1775 498 1818 cum
521 1694 582 1818 ‘iiia
610 1771 644 1818 et
670 1755 728 1818 ista
754 1777 862 1819 unum
883 1757 976 1830 sunt,
1006 1769 1168 1840 utraeque

79 1835 157 1900 enim
191 1839 234 1902 de
266 1841 342 1902 Deo
374 1837 627 1922 praedicantum
664 1837 752 1902 nulli
779 1853 870 1902 recte
902 1835 1168 1924 intelligentium

78 1921 246 1982 obscurum
270 1920 332 1984 effe
356 1919 513 1996 arbitror,
531 1941 555 1984 a
576 1922 672 1985 nullo
695 1921 785 1986 enim
808 1937 955 1997 creatur,
978 1922 1071 2019 quod
1091 1939 1167 1984 cau-

78 2002 106 2064 la
129 2002 291 2088 superiori
321 2003 353 2066 se
385 2004 439 2067 vel
470 2001 529 2067 fibi
551 2004 725 2101 coaequali
746 2019 851 2080 caret3
885 2005 928 2069 est
949 2025 1041 2068 emm
1060 2001 1169 2090 prima

77 2084 216 2152 omnium
237 2086 337 2150 causa
358 2091 467 2161 Deus,
499 2107 599 2171 quem
620 2087 707 2150 mhil
728 2087 916 2177 praecedit,
950 2086 1000 2150 nil
1023 2084 1055 2150 ei
1076 2083 1169 2170 coin·

79 2167 244 2254 telligitur,
281 2172 373 2254 quod
395 2169 454 2232 srbi
476 2169 685 2233 coedentiale
706 2191 776 2234 non
798 2171 847 2234 fit.
887 2171 1033 2236 Videsne
1053 2169 1169 2253 itaque

76 2251 203 2334 primaru
226 2269 263 2315 et
284 2249 434 2339 qirartam
454 2267 595 2316 naturae
615 2254 774 2327 formam,
805 2253 842 2316 in
863 2275 966 2320 unam
992 2253 1054 2316 effe
1073 2271 1170 2315 revo-

78 2336 179 2398 catas'l
212 2341 257 2398 D.
287 2333 374 2399 Satis
403 2333 504 2398 video
536 2358 687 2422 pureque
715 2335 869 2422 intelligo
876 2357 890 2432 ῥ
923 2357 993 2399 non
1013 2331 1168 2398 enimin

78 2419 140 2480 Deo
153 2417 262 2504 prima
279 2419 386 2483 forma
403 2417 775 2503 aquartadiscernitur3
798 2418 914 2504 inipso
927 2416 1088 2504 fiquidem
1097 2437 1169 2482 nou

79 2503 134 2562 duo
161 2502 238 2566 sunt
268 2503 325 2565 led
356 2523 481 2574 unum,
514 2500 552 2564 in
580 2503 686 2572 nostra
715 2521 795 2564 vero
818 2501 946 2565 theoria
968 2503 1048 2565 dum
1070 2498 1170 2564 aliam

77 2583 228 2648 rationem
260 2588 303 2650 de
333 2587 406 2647 Deo
430 2583 641 2668 concipimus
663 2585 846 2648 secundum
870 2582 1170 2649 confideretionem

79 2665 242 2753 principii,
278 2667 376 2730 aliam
396 2688 477 2730 vero
499 2671 590 2744 juxta
612 2666 688 2730 finis
710 2666 1050 2752 contemplationem,
1084 2668 1171 2729 duae

78 2750 172 2812 veluti
202 2753 368 2837 quaedam
391 2750 518 2812 formae
540 2750 601 2811 effe
622 2748 800 2824 videntur,
838 2772 877 2812 ex
897 2771 966 2812 una
986 2749 1170 2833 eademque

79 2832 276 2918 {implicitate
299 2832 433 2897 divinae
453 2849 592 2895 naturae
612 2847 750 2916 propter
765 2831 935 2917 duplicem
948 2831 1077 2896 nostrae
1090 2849 1171 2895 cou-

78 2915 296 3000 templationis
317 2914 544 2979 intentionem
566 2913 736 2977 formatae.

131 3002 177 3061 Μ.
208 3005 318 3065 Recte
343 2998 458 3073 vides;
512 2996 573 3059 uid
599 2995 742 3082 igitur&
762 3017 844 3058 num
875 3011 910 3060 et
937 2995 1116 3060 secundam
1138 3005 1173 3057 et

81 3081 198 3144 tertiam
228 3083 269 3147 in
295 3103 401 3144 unum
423 3021 572 3144 fimiiiter
594 3082 753 3145 debemus
774 3078 949 3164 redigere?
985 3075 1172 3143 nonenim

81 3179 108 3227 te
124 3167 217 3242 latet,
241 3179 284 3228 ut
305 3164 453 3238 aestimo,
477 3166 569 3250 quod
589 3164 672 3226 licut
694 3159 801 3248 prima
826 3177 859 3225 et
880 3177 995 3248 quarta
1015 3160 1052 3224 in
1075 3163 1173 3227 Crea-

81 3263 158 3322 tore,
177 3249 225 3311 ita
247 3249 393 3312 secunda
417 3264 450 3310 et
473 3247 570 3310 tertia
590 3245 627 3309 in
650 3247 808 3309 Creatura
829 3244 1074 3310 rationabiliter
1094 3265 1172 3330 cog·

81 3349 260 3396 noscuntur
268 3351 278 3404 3
314 3329 457 3394 secunda
480 3329 589 3403 enim,
612 3344 651 3391 ut
670 3327 879 3414 praedictum
901 3330 962 3404 est,
987 3342 1022 3391 et
1042 3341 1173 3391 creatur

84 3429 111 3474 et
134 3431 243 3491 creat,
281 3428 315 3476 et
341 3414 378 3476 in
407 3411 678 3499 primordialibus
703 3412 805 3474 caufis
828 3412 1041 3476 conditarum
1060 3431 1173 3474 rerum

81 3494 291 3584 intelligitur3
321 3493 418 3560 tertia
448 3517 528 3558 vero
557 3495 663 3558 forma
685 3510 815 3576 creatur
836 3509 870 3558 et
889 3517 960 3559 non
981 3506 1090 3568 creat,
1126 3505 1174 3556 at·

83 3579 197 3662 quein
226 3578 404 3645 effectibus
430 3575 697 3664 primordialium
720 3577 891 3641 caularum
911 3575 1095 3662 reperitur3
1129 3574 1175 3637 se·

84 3665 180 3726 cunda
198 3663 315 3749 itaque
337 3676 371 3725 et
392 3661 489 3725 tertia
509 3681 580 3723 uno
603 3661 789 3746 eodemque
810 3681 949 3756 genere,
973 3671 1103 3722 creatae
1124 3654 1175 3718 vi-

85 3743 193 3810 delicet
221 3761 380 3819 naturae,
414 3741 649 3816 continentur,
682 3756 781 3828 atque
807 3765 845 3806 ιιι
878 3764 917 3805 ea
948 3761 1056 3804 unum
1077 3737 1174 3813 lunt;

86 3827 196 3892 formae
216 3833 239 3894 fi
263 3829 380 3892 uidem
400 3826 437 3892 in
460 3847 583 3913 genere
602 3845 710 3889 unum
730 3825 824 3889 suntt
844 3847 928 3889 num
949 3821 1063 3909 itaque
1078 3818 1174 3886 vides

89 3925 217 3992 quatuor
241 3853 428 3977 iomarum
448 3907 712 3997 praedictarum,
744 3909 826 3972 duas
849 3907 1002 3994 quidem,
1055 3903 1185 3991 rimam,

87 3991 233 4061 videlicet
255 4011 290 4060 et
310 4009 477 4083 quartam,
499 3991 537 4058 in
559 3993 770 4066 Creatoremt
804 3993 904 4069 duas,
925 3990 1026 4056 ieeun
1071 4011 1105 4052 m
1127 3985 1176 4052 di·

90 4093 122 4137 co
141 4093 174 4142 et
192 4079 342 4158 tertiam,
363 4079 400 4143 in
423 4081 619 4168 erepturam
636 4073 853 4142 recollectas?
875 4080 919 4142 D.
940 4077 1045 4140 Plane
1061 4070 1174 4147 rideo,
1213 4116 1226 4128 ..

91 4159 326 4252 admodumque
347 4161 624 4230 admirandum
642 4157 877 4228 subddntemr
897 4157 1177 4242 namduacprae·
