2854 4978
301 219 382 294 m
429 274 432 286 .
636 219 690 289 lle
710 214 1088 294 maneriolum.

189 477 192 482 ,
300 403 494 482 subsistunt,
513 399 572 469 sed
595 401 638 469 ιὰ
660 400 809 470 nihilum
827 413 991 490 vergnntt
1011 399 1141 468 uirtute
1160 420 1245 467 veto.
1262 403 1393 468 veritati·

325 489 484 565 roridae,
507 509 594 638 guae
612 485 650 552 in
671 485 714 553 iia
735 485 891 562 subsistit,
923 508 968 551 ne
991 487 1035 552 ad
1054 484 1200 552 nihilum
1220 503 1315 552 ruant
1333 509 1411 572 pro·

327 574 472 642 'hentun
539 572 550 636 i
584 591 665 659 ergo
693 571 805 658 ipsum
832 571 974 639 verbum
1004 569 1060 636 elei
1089 570 1256 668 etgomnia
1276 569 1395 634 latitet

300 658 338 758 in
358 657 518 754 omnibus
540 655 600 731 dtr
635 670 670 720 et
691 659 758 720 hoc
780 677 828 746 ert¹
844 651 955 751 rethia
976 653 1141 752 prpedictr
1164 652 1266 741 patria
1286 653 1395 734 Diony·

249 789 251 796 ’
302 739 938 914 ltdlt'tdttttlttttgtlttt
958 739 1396 897 stlllrtftffll

301 926 336 974 et
365 909 455 973 sacta
491 909 674 972 credantur
694 921 730 970 et
749 921 1000 992 cognoscantur
1022 907 1095 970 else.
1140 907 1244 991 Quod
1263 903 1346 970 enirn
1364 905 1397 966 de

300 992 398 1059 causa
437 989 670 1078 praedicatur,
703 1011 770 1077 qna
800 987 934 1054 ratione
963 1010 1035 1054 non
1057 989 1160 1054 etiam
1182 992 1224 1054 de
1243 984 1397 1053 causativi·

299 1073 489 1164 praedicari
509 1071 608 1162 poffit
629 1093 702 1140 non
724 1070 878 1139 invenio.
911 1072 1036 1138 Omnia
1056 1073 1069 1137 i
1096 1072 1164 1137 'tur
1184 1093 1269 1159 quae
1287 1073 1356 1136 sunt
1371 1083 1398 1132 et

196 1182 198 1201 ¹
300 1175 437 1226 aeterna
464 1159 561 1224 srmul
590 1173 626 1222 et
647 1157 736 1222 sacta
757 1177 829 1222 non
851 1154 1040 1245 incongrue
1085 1156 1244 1226 icunturt
1279 1157 1350 1220 dun
1368 1151 1396 1214 in

186 1249 191 1272 ⁸
301 1243 349 1308 eia
370 1243 410 1310 fit
430 1242 501 1330 ipsa
524 1239 687 1329 sapientia
709 1251 795 1327 quae
816 1261 855 1306 ea
876 1239 977 1323 sacit3
995 1256 1035 1338 ‘et
1057 1241 1155 1306 caula
1175 1239 1212 1305 in
1229 1254 1336 1327 quaet
1351 1257 1398 1322 per

325 1349 402 1393 uam
426 1342 461 1391 et
484 1342 620 1392 aeterna
641 1340 676 1388 et
695 1325 784 1388 sacta
805 1323 942 1390 suntin
972 1347 1021 1388 eta
1043 1341 1179 1389 aeterna
1201 1340 1236 1388 et
1255 1322 1336 1386 facta
1354 1319 1396 1382 ell.

300 1349 343 1476 i.
375 1413 490 1476 Valde·
508 1409 632 1484 miror,
668 1423 703 1472 et
730 1407 934 1494 stupefactus
963 1407 1072 1473 veluti
1093 1407 1257 1473 exanimia
1279 1409 1398 1470 haereo:

178 1491 179 1494 ¹
299 1493 353 1560 hia
384 1493 477 1558 enim
507 1491 698 1558 rationibus
728 1494 897 1566 attrahor,
932 1475 1094 1578 quoniam
1121 1489 1311 1556 verisimilia
1328 1489 1397 1558 sunt,

301 1594 337 1646 et
358 1578 525 1644 sacrorum
546 1591 682 1662 patrum
703 1573 902 1640 testimoniis
923 1576 1099 1662 sacraeque
1113 1575 1296 1664 scripturae
1309 1587 1398 1636 cono·

300 1665 429 1729 borota.
474 1662 541 1726 Sed
563 1658 687 1723 iterum
708 1673 833 1722 nutans
853 1661 1023 1732 retrahor,
1046 1680 1085 1724 ac
1105 1681 1190 1724 mox
1209 1657 1246 1722 in
1269 1657 1398 1721 tenebras

302 1743 503 1812 densissimae
538 1739 778 1828 cognitionum
805 1763 957 1826 mearum
977 1743 1119 1807 relabor.
1164 1745 1245 1808 Nou
1266 1739 1307 1805 eu
1326 1735 1399 1800 enin

301 1829 390 1896 aciea
422 1827 546 1894 mentia
578 1847 674 1890 rueae
713 1827 755 1889 ad
776 1825 960 1911 praesentia
981 1825 1185 1910 quaestionis
1208 1822 1399 1889 altitudinem

300 1914 502 1978 intuendam
520 1908 725 1996 penituaque
741 1910 985 1995 penetrandam
997 1907 1133 1974 idonea.
1167 1909 1313 1976 Audieua
1324 1901 1372 1992 qui
1391 1932 1401 1948 ·

301 2020 346 2084 pe
367 1995 453 2060 illud
473 1999 530 2076 qui
539 1988 662 2095 fecisti
683 1994 835 2056 mundum
855 1994 898 2056 cle
918 1997 1062 2056 materia
1083 1985 1242 2084 informie
1274 2012 1339 2056 non
1358 1924 1401 2050 ait·

302 2097 353 2146 ter
374 2078 565 2164 cogitabam
586 2077 648 2144 nrsr
669 2075 750 2162 quia
770 2078 919 2140 mundun
941 2075 1081 2140 vilibilia
1105 2094 1142 2141 et
1158 2073 1350 2146 invihbilia,
1369 2071 1400 2132 de

299 2161 440 2228 materia
470 2161 611 2226 informi
642 2182 743 2247 quam
772 2161 867 2226 deno
877 2159 919 2224 de
941 2159 1083 2224 omnino
1104 2160 1218 2226 nihilo
1240 2155 1340 2223 veluti
1358 2173 1400 2217 au·

300 2245 445 2334 spiciunt
478 2247 648 2332 quoddam
669 2245 747 2308 suae
768 2241 975 2341 operationi·
998 2242 1146 2320 creavit,
1183 2245 1293 2310 factae
1312 2257 1400 2304 narra·

302 2347 374 2412 tur3
411 2344 448 2393 et
479 2342 550 2392 erat
579 2332 716 2416 quando
746 2341 851 2392 totana
880 2325 1003 2390 mundi
1023 2325 1228 2393 universitas
1250 2348 1318 2392 non
1337 2333 1400 2386 erat

302 2417 350 2479 Ac
370 2435 432 2501 per
452 2414 519 2478 hoc
539 2409 576 2476 in
598 2409 792 2500 primordiis
815 2409 1024 2476 conditionis
1044 2412 1124 2476 suae
1148 2415 1193 2478 de
1215 2409 1348 2476 omuino
1362 2400 1400 2467 ni·

302 2497 375 2562 hilo
396 2496 435 2562 in
455 2495 638 2561 informem
658 2493 816 2583 proceffit
834 2493 1027 2560 materiem:
1050 2511 1085 2561 et
1104 2495 1211 2562 conse
1235 2509 1347 2559 uenter
1355 2505 1400 2574 per

284 2603 288 2612 ’
325 2603 426 2647 enera
456 2596 491 2646 et
516 2579 642 2645 formae
673 2594 890 2676 caeteroaque
911 2599 1071 2644 numeror
1091 2518 1268 2645 naturaiea
1289 2577 1328 2642 ad
1345 2591 1401 2720 pff·

318 2665 488 2731 actionem
510 2666 680 2751 quandam
701 2677 843 2730 creatori
864 2661 928 2727 soli
947 2662 1122 2750 cognitam
1141 2659 1309 2751 pervenit.
1373 2673 1401 2717 tc

302 2751 370 2814 hoc
398 2769 459 2835 per
487 2749 634 2814 morulae
657 2763 849 2832 temporum
871 2745 999 2811 facturn
1020 2746 1118 2811 tuitre
1142 2770 1161 2812 a
1184 2749 1308 2812 Sancto
1328 2755 1402 2834 patre

303 2831 488 2920 Augustino
524 2831 560 2896 in
590 2833 778 2895 Hexamero
806 2829 866 2894 suo
899 2829 1031 2896 suasum
1062 2829 1118 2896 est.
1163 2833 1246 2897 Non
1274 2826 1357 2894 enirn
1375 2841 1401 2914 13¹

304 2931 459 3003 tempore
482 2913 658 3001 praecedit
678 2911 869 2978 informitaa
890 2913 1056 2989 sormam,
1085 2914 1147 2980 sed
1170 2911 1316 2980 naturali
1335 2907 1402 2973 ordr-

303 3020 462 3150 hetti
483 2995 1403 3167 tttstttthtsstltt‘ttzttldtttttltlt

303 3167 468 3240 verbum,
491 3185 562 3228 non
584 3164 723 3251 quidem
744 3179 897 3251 ternpore
917 3166 976 3231 sed
996 3165 1104 3230 causa.
1149 3171 1207 3231 De
1227 3187 1312 3232 vote
1331 3154 1403 3224 enim

302 3246 448 3314 efficitur
477 3251 636 3312 verbumt
670 3251 713 3312 de
744 3249 848 3312 verbo
871 3263 984 3312 autem
1007 3251 1105 3314 nullo
1127 3253 1237 3316 modo
1258 3267 1332 3314 vor.
1367 3219 1412 3304 tal

303 3352 417 3396 rerum
449 3329 607 3396 omnium
633 3328 824 3396 informitas
848 3346 883 3395 et
903 3331 1061 3406 formatio
1082 3348 1118 3398 et
1139 3331 1310 3421 perfectio
1328 3337 1405 3392 natu·

304 3414 367 3480 ruli
388 3417 534 3501 quedam
554 3413 763 3502 proceffione
784 3429 819 3479 et
837 3414 1030 3502 sequentia,
1049 3437 1121 3481 non
1138 3434 1259 3484 autem
1276 3419 1405 3496 tempors

301 3513 337 3562 et
357 3496 562 3572 intervallis,
597 3496 751 3566 distincte
770 3498 867 3564 simul
889 3515 924 3564 et
945 3499 1045 3564 semel
1067 3501 1109 3566 de
1130 3501 1247 3568 nihilo
1270 3498 1306 3566 in
1327 3493 1406 3559 essen·

301 3579 385 3648 tiam
404 3583 583 3666 ¹voluntate
604 3580 762 3647 creatoria
787 3584 953 3649 adductae
974 3582 1072 3648 sunta
1096 3598 1132 3648 et
1154 3589 1245 3651 haec
1266 3597 1333 3648 erat
1346 3591 1412 3665 metr

300 3665 385 3732 fidet
406 3687 550 3753 meaque
574 3667 873 3754 quantulacunque
893 3663 1133 3754 intelligentia.
1179 3671 1225 3736 tt
1253 3683 1344 3734 nune
1362 3657 1404 3720 alt·

301 3763 353 3814 ter
373 3769 394 3816 ι
416 3763 450 3814 te
472 3748 591 3826 audio,
613 3771 701 3836 quae
721 3751 869 3816 multum
887 3766 1124 3827 memorent,
1149 3765 1188 3817 et
1209 3754 1252 3818 ab
1270 3749 1322 3816 hia
1338 3757 1404 3830 qaae

301 3835 468 3898 haerenae
489 3834 647 3900 tenebam
667 3833 820 3912 firmiter,
845 3848 885 3896 nt
903 3832 990 3898 mihi
1009 3833 1122 3900 visum
1145 3836 1194 3902 est
1210 3833 1405 3922 invitumvre·

301 3931 438 3980 vocam.
479 3917 639 3983 Praesens
671 3915 764 3983 enim
796 3913 1034 3996 ratiocinatio,
1065 3932 1107 3984 ut
1126 3941 1227 3995 reor.
1263 3915 1312 3984 nil
1333 3903 1405 3976 alm<l

236 4033 243 4052 ·
300 3995 439 4064 videtur
464 4000 553 4066 velle
581 4001 740 4077 suadere,
774 3999 838 4066 nisr
867 4021 906 4064 ea
936 4023 1023 4088 quae
1053 4005 1097 4068 de
1127 4003 1245 4069 nihilo
1268 3995 1404 4090 putabam

176 4151 180 4160 .
301 4081 365 4148 else
386 4081 493 4160 sacta,
516 4098 551 4149 et
570 4087 666 4150 nntto
685 4086 791 4151 modo
812 4096 967 4149 aeterna:
990 4101 1062 4150 erat
1081 4084 1179 4153 enlm
1198 4085 1334 4176 qnando
1350 4091 1404 4142 non

302 4181 417 4246 aaut.
438 4179 480 4234 nt
499 4167 698 4290 arbitrabar,
720 4190 762 4237 ac
780 4189 842 4257 per
861 4169 928 4236 lroc
948 4186 1152 4260 acceperant
1171 4173 1269 4261 quod
1285 4187 1351 4235 non
1363 4164 1405 4226 ln·
