2856 4978
230 230 309 303 ese
387 260 391 272 ·
481 225 483 232 ·
525 192 530 202 ’
570 231 626 302 ue
644 231 827 304 nummu
845 230 1019 305 nunu.

158 371 171 392 .
1039 357 1045 398 t

7 421 10 434 '
90 443 92 451 ·
154 490 157 501 p
233 437 301 503 que
322 409 534 482 definitionis
557 413 693 506 ambitu
708 416 927 496 concludere,
950 415 1090 492 dicens,
1113 435 1214 481 omne
1235 419 1348 504 quod·

233 520 371 598 cunque
396 499 484 569 circa
509 499 682 586 propriam
709 499 920 566 substantiam
948 501 1003 566 vel
1038 498 1258 587 intelligitur,
1289 503 1350 566 vel

232 584 393 659 sentitur,
423 581 573 660 varium,
609 599 645 647 et
664 584 826 649 mutabile
847 583 912 659 est,
950 605 1022 648 eam
1047 605 1090 648 ne
1109 581 1350 648 inundationi·

232 667 296 730 bus
317 666 383 730 luis
405 666 582 752 cooperit,
609 683 649 730 ut
668 667 726 731 vix
748 665 903 755 dignosci
927 667 1009 754 quid
1025 605 1086 742 itt,
1116 667 1248 730 valeat:
1270 665 1350 754 ipse

234 770 352 835 aquas,
386 771 471 835 quae
496 750 559 814 sub
589 750 685 814 coelo
714 751 809 826 sunt,
847 746 972 816 divinis
992 749 1284 814 admonitionibus
1306 751 1349 814 in

168 897 174 916 ‚
231 853 339 896 unum
360 833 474 896 locum
494 836 630 912 jubetur
654 854 718 898 con
760 854 876 922 egare,
907 849 947 905 ut
968 849 1126 930 appareat
1146 831 1254 908 aride',
1275 836 1351 898 hoc

183 943 188 951 ¹
232 915 293 990 eli,
325 929 364 978 ut
393 917 525 980 occulta
553 857 772 982 substantialis
801 918 925 992 forma,
960 938 1047 982 circa
1070 939 1168 1004 quam
1191 916 1352 980 acciden-

229 997 319 1061 tium
340 999 463 1063 fluctus
487 999 698 1077 exaestuant,
720 998 1003 1066 intellectualibus
1019 999 1125 1066 oculis
1141 1014 1277 1064 naturas
1295 1022 1351 1064 re·
1426 1075 1427 1082 ἵ

179 1153 187 1162 ,
230 1103 307 1146 rum
330 1079 618 1157 discernentibus,
641 1085 728 1148 clare
746 1085 930 1180 perluceat
967 1087 1020 1148 De
1042 1104 1083 1148 eo
1106 1099 1228 1156 autem,
1251 1085 1351 1170 quod
1426 1099 1427 1110 ¹

232 1163 388 1229 omnium
408 1188 521 1230 rerum
543 1187 628 1254 quae
651 1165 785 1230 definiri
806 1169 959 1254 poliunt,
981 1169 1076 1232 locus
1099 1167 1138 1230 lit
1151 1166 1349 1232 communia

231 1269 369 1323 eorum,
397 1251 453 1313 vel
481 1246 617 1335 propria
650 1248 825 1336 definitio;
858 1249 895 1314 in
924 1250 1034 1336 primo
1062 1248 1149 1314 libro
1172 1248 1268 1326 satis,
1305 1265 1351 1312 ut

37 1406 40 1418 1
231 1329 372 1418 opinor,
396 1331 604 1419 disputatum
628 1332 682 1400 est.
723 1338 772 1400 Et
791 1337 928 1399 vocavit
947 1337 1045 1399 Deus
1062 1335 1192 1398 aridam
1209 1347 1349 1407 terram,

107 1423 118 1434 ·
230 1419 561 1500 congregationesque
581 1439 736 1500 aquarium
757 1419 923 1499 apellavit
943 1422 1059 1483 moria.
1093 1419 1347 1482 Vocabulorum

230 1497 461 1584 geminatione
482 1499 519 1564 in
541 1520 560 1563 o
586 1500 698 1566 eribus
720 1501 822 1580 trium
845 1501 975 1566 dierum
994 1499 1283 1588 primordialium,
1306 1500 1348 1564 in

229 1580 340 1677 primo
371 1581 439 1649 viu.
466 1523 651 1669 appellavit
681 1587 791 1650 lucem
815 1583 928 1660 diem,
962 1600 997 1648 et
1019 1586 1171 1650 tenebrae
1193 1600 1347 1658 noctem,

229 1683 268 1728 an
289 1664 437 1730 secundo
460 1665 598 1732 vocavit
621 1670 713 1732 Deus
736 1669 983 1732 firmamentum
1006 1669 1156 1742 coelum,
1179 1666 1216 1731 in
1239 1666 1345 1732 tertio

231 1747 371 1812 vocavit
392 1753 483 1814 Deus
507 1749 634 1815 aridam
656 1766 792 1827 terram,
817 1750 1161 1838 congregationesque
1183 1772 1349 1838 aquarum

116 1887 121 1896 ,
188 1863 191 1872 .
230 1831 413 1916 appellavit
431 1832 554 1911 maria,
578 1835 749 1920 duplicem
770 1833 876 1898 totius
892 1835 1093 1900 creaturaes
1115 1833 1346 1900 eculationem

229 1913 408 1998 fignificari
426 1915 578 1994 arbitror.
621 1916 726 1982 Aliter
748 1917 839 1982 enim
858 1917 897 1982 in
919 1917 1043 1992 onuba,
1067 1858 1163 1982 aiiter
1182 1917 1220 1981 in
1243 1917 1345 2000 effec-

229 1995 321 2061 tibus
355 2019 423 2062 una
452 2001 636 2084 eademque
655 2022 708 2064 res
729 1999 880 2065 theoriae
901 1999 1186 2088 speculationibus
1208 1999 1346 2066 intima·

190 2109 195 2120 =
229 2092 295 2144 tur.
338 2083 387 2144 Et
415 2083 507 2145 vidit
534 2085 632 2147 Deus
664 2087 791 2181 quode
820 2098 854 2148 et
871 2085 998 2151 bonum.
1040 2083 1126 2149 Vitio
1148 2082 1214 2148 nei
1235 2083 1344 2148 sotim

119 2165 122 2170 “
228 2161 454 2228 univcrsitatis
478 2165 522 2228 est
545 2164 709 2233 conditio.
799 2188 845 2233 on
867 2169 960 2233 enim
982 2166 1074 2232 aliud
1096 2166 1140 2230 stt
1161 2166 1193 2232 ei
1214 2165 1345 2242 videre,

230 2242 324 2308 aliud
345 2245 469 2322 facere,
504 2247 562 2312 led
582 2247 777 2324 vifiojtlius
798 2253 955 2318 voluntas
978 2255 1049 2332 ejus
1071 2249 1130 2322 est.
1167 2265 1202 2314 ct
1221 2251 1346 2315 voluu-

111 2343 115 2356 ·
229 2341 279 2389 tas
302 2327 463 2414 operatio.
490 2331 630 2397 -Merito
651 2349 765 2399 autem
789 2355 907 2411 omne,
945 2337 1038 2423 quod
1060 2332 1155 2399 vidit.
1170 2333 1341 2408 dominus,

230 2409 274 2472 est
300 2411 447 2486 bonum3
486 2412 603 2480 divina
627 2395 791 2506 liquidem
820 2419 955 2484 bonitas
986 2421 1154 2484 bonorum
1186 2415 1343 2482 omnium

208 2493 326 2575 “caula
348 2495 408 2560 ests
442 2497 513 2562 lmo
536 2497 638 2565 etiam
660 2501 775 2567 omnia
796 2505 886 2578 bons
906 2501 977 2589 ipsa
998 2501 1061 2578 est;
1092 2501 1224 2566 nullum
1246 2501 1341 2566 enim

227 2595 289 2660 per
317 2577 349 2642 ie
371 2580 500 2644 bonum
524 2580 586 2658 est,
623 2583 681 2648 led
702 2585 925 2671 inquantum
948 2587 1077 2650 bonum
1099 2584 1143 2650 est
1188 2583 1343 2670 articipa·

227 2657 324 2724 tione
352 2660 443 2728 illius
472 2663 573 2740 boni,
615 2670 708 2752 quod
740 2691 800 2754 per
821 2669 861 2732 'se
889 2669 1100 2733 solummodo
1130 2609 1344 2732 substantiale

226 2741 355 2810 bonum
379 2746 440 2821 cst,
463 2749 598 2812 bonum¹
611 2750 665 2813 est.
687 2756 794 2818 Nemo
815 2751 908 2816 enim
929 2753 1031 2816 bonus
1051 2746 1215 2839 nistsolus
1229 2751 1340 2817 Deru.

228 2827 333 2924 Vidi}
360 2850 438 2914 ergo
466 2833 565 2896 Deus
590 2835 677 2916 quod
697 2831 778 2926 effet
797 2835 931 2922 bouum,
966 2839 1033 2899 hoc
1055 2837 1116 2907 est,
1149 2833 1235 2898 vidit
1254 2834 1341 2920 seip-

226 2908 299 2973 sum
320 2931 357 2973 an
374 2911 537 2982 (omnibus
559 2915 708 2994 bonum;
739 2940 809 2982 non
833 2917 923 2982 enim
946 2921 1039 2981 Deua
1060 2915 1150 2981 vidit
1169 2916 1231 2980 nisi
1253 2917 1299 2982 lei
1326 2953 1339 2966 ·

227 2989 317 3068 lum,
372 2992 429 3056 uia
459 3010 549 3060 extra
577 2992 589 3060 i
616 2997 688 3062 lum
709 2999 796 3064 nihil
820 3001 881 3075 est,
914 3015 948 3064 et
968 3022 1069 3064 omne
1091 3003 1184 3088 quod
1204 2999 1241 3064 in
1264 3000 1275 3064 i
1301 2942 1341 3066 io

227 3073 289 3149 est,
325 3013 396 3160 ipqse
418 3077 477 3152 ett,
510 3077 567 3142 fim
591 3021 645 3144 iex
669 3104 712 3146 ue
733 3083 816 3148 visto
837 3083 938 3170 iplius
960 3083 1021 3157 cst,
1053 3099 1089 3147 et
1109 3105 1127 3146 a
1149 3085 1244 3147 nullo
1267 3025 1336 3148 iio

226 3156 389 3221 formatur
418 3158 488 3245 ipsa
517 3161 555 3227 ni
610 3104 767 3251 aieipio.
811 3169 855 3230 Et
877 3167 944 3242 ait,
977 3171 1139 3249 germinet
1159 3183 1249 3230 terra
1266 3170 1340 3230 lter·

155 3315 158 3326 ¹
225 3239 301 3302 bom
320 3245 499 3316 virentem,
531 3259 565 3309 et
575 3239 765 3336 facientem
775 3249 908 3340 semen,
942 3263 975 3312 et
995 3253 1117 3334 lignum
1137 3244 1335 3341 pomiferum

214 3313 355 3411 faciens
365 3319 523 3416 fructum
527 3331 643 3475 Juxta
660 3355 764 3414 genus
778 3331 892 3481 ζιιωη,
915 3337 1007 3482 cujus
1017 3331 1133 3429 semen
1154 3337 1187 3398 in
1206 3329 1278 3424 ipso
1282 3333 1338 3424 fit

213 3399 323 3495 suppr
352 3421 484 3474 terram.
555 3429 692 3478 irtutem
718 3421 778 3481 her
803 3439 914 3493 arum,
957 3419 1112 3505 ignorum
1139 3440 1181 3482 ue
1209 3420 1246 3481 in
1268 3417 1336 3504 pri·

194 3488 443 3559 *mordialibue
476 3497 578 3562 caufis
606 3498 779 3565 conditam
807 3523 867 3588 per
897 3505 981 3567 hoec
1011 3442 1336 3587 verbaqPropbeu‘ca

223 3593 482 3653 commemorat,
505 3602 590 3667 quae
610 3580 720 3646 virtus
742 3583 795 3650 vis
817 3583 981 3650 seminum
1003 3607 1022 3648 a
1040 3585 1162 3649 sanctis
1178 3585 1335 3666 Patribus

222 3656 308 3721 folet
337 3662 514 3747 appellari,
544 3662 581 3727 in
610 3685 675 3752 qua
696 3667 822 3753 species
843 3668 900 3731 illa
921 3667 1068 3744 animae,
1104 3689 1190 3756 quae
1210 3668 1336 3734 dicitur

32 3737 38 3762 '
113 3780 116 3794 ·
221 3739 405 3837 nutritiva,
441 3761 475 3810 et
495 3746 622 3822 activa,
655 3751 886 3834 operationem
908 3753 999 3816 suam
1022 3767 1172 3826 exercet,
1195 3773 1335 3839 genera·

222 3838 352 3920 taonem
378 3827 444 3891 viz.
479 3829 644 3894 seminum
670 3833 923 3918 administrans3
957 3851 991 3899 et
1012 3857 1097 3922 quae
1120 3835 1235 3922 genita
1255 3836 1336 3900 sumt

220 3919 394 3984 nutriens,
433 3911 710 4000 incrementaque
737 3917 785 3980 eis
813 3940 874 4004 per
904 3940 1062 3984 numeros
1092 3919 1264 3994 locorum,
1300 3934 1336 3984 et

221 4003 412 4075 temporum
443 3994 652 4062 distribuens.
694 4001 739 4062 Et
760 4022 866 4087 quum
887 4022 1009 4078 omne,
1041 4003 1134 4090 quod
1154 4003 1191 4068 in
1214 4019 1335 4070 natura

220 4093 332 4138 rerum
351 4073 524 4143 visibiliter
545 4096 700 4167 apparet,
723 4103 793 4146 non
816 4083 953 4150 aliunde
975 4085 1036 4152 nist
1058 4107 1098 4152 ex
1115 4086 1260 4152 occultis
1276 4108 1333 4152 ua·

221 4155 336 4222 tutalia
364 4173 399 4224 et
429 4159 648 4230 substantialis
670 4165 798 4232 formae
819 4168 963 4246 sinibus,
993 4191 1093 4257 quam
1114 4169 1245 4244 aridae,
1278 4167 1335 4232 vel

434 4429 449 4464 λ
