2854 4978
372 332 374 344 1
460 239 567 310 nuo
591 239 747 316 aaran
1082 183 1174 312 rei

13 422 18 481 ἰ
78 427 271 492 nummaria
291 427 454 502 monade,
486 441 661 499 etiamne·
682 424 790 490 lineae
810 401 848 488 tsi
868 438 986 507 ceptro
1006 436 1154 491 aeterna·

76 509 182 574 litaret
203 505 415 575 uniformiter
434 509 609 575 subsistere.
652 511 697 575 Et
717 505 871 597 duumvir
893 523 972 574 actu
993 521 1029 572 et
1049 527 1154 655 opere
1223 543 1227 552 ν

76 592 251 658 numerantie
273 609 308 658 et
329 594 487 658 lineantis
508 595 545 659 in
567 591 675 658 variae
695 613 914 690 numerorum
928 589 1054 690 species
1094 611 1154 688 gp·

73 697 166 762 raeque
191 677 396 752 formentur,
426 679 555 765 semper
587 692 699 742 tamen
727 676 764 740 in
784 675 964 763 principiae
993 675 1081 749 lure,
1115 695 1153 737 ιη

15 798 17 807 =
71 762 189 824 monade
208 758 304 835 dico,
328 777 362 825 et
383 777 518 838 centro,
543 759 759 829 uniformiter
772 773 989 846 permanent,
1011 778 1077 822 nee
1092 778 1154 824 un·

71 864 148 938 quam
174 845 239 908 fine
271 844 321 908 eie
339 843 508 941 principia
529 844 768 932 intelliguntur
790 842 902 918 inille,
931 839 1055 938 nemin
1076 836 1154 926 ipsu

70 925 220 1012 pnncipiia
242 927 319 1024 fieri
336 929 524 1004 rnchoaffe,
548 944 582 992 et
604 931 685 992 dum
706 930 746 992 a'b
765 926 812 1016 eie
828 924 1064 1023 multipliciter
1077 942 1154 1009 pro·

67 1009 173 1086 fluunt,
208 1011 370 1076 uniformi
402 1027 513 1076 tamen
535 1009 666 1076 ratione
688 1027 825 1075 aeterno
847 1024 949 1096 atque
967 1027 1156 1071 rncommu·

14 1124 19 1163 ς
67 1091 142 1154 tabili
162 1094 241 1158 statu
265 1094 301 1158 in
326 1095 373 1158 eia
396 1096 551 1159 ellenon
575 1094 741 1161 desinunt.
783 1096 832 1158 M.
853 1090 1034 1160 simillimo
1055 1087 1154 1154 veril-

12 2313 14 2322 r

66 1174 187 1261 fimoque
219 1177 296 1241 uiue
328 1201 362 1242 ea
393 1181 564 1266 exemplo;
599 1176 788 1242 testimonia
822 1197 957 1264 quoque
987 1189 1021 1239 et
1045 1173 1155 1237 sacrae

65 1255 221 1342 scripturae
243 1277 278 1325 et
299 1261 468 1327 sacrorum
490 1263 625 1349 patrum
647 1261 762 1326 omnia
782 1261 820 1326 in
844 1263 907 1326 deo
933 1259 996 1322 elle
1015 1271 1152 1322 aeterna

65 1341 237 1424 perhibent,
276 1345 469 1431 Apostolus,
509 1351 547 1410 ln
579 1365 647 1432 quo
683 1345 848 1418 vivimus,
878 1340 1011 1430 inquit,
1040 1359 1155 1407 move·

65 1446 138 1500 mur,
169 1445 202 1491 et
223 1429 348 1493 lomus.
392 1433 432 1494 ln
460 1432 523 1493 deo
548 1429 640 1493 enim
660 1428 774 1492 lurnua
795 1449 857 1514 per
877 1426 1098 1491 excellentem
1120 1435 1155 1486 et

65 1511 335 1576 anteexistentem
358 1513 395 1588 in
417 1512 490 1597 ipio
512 1512 640 1576 nostrae
662 1509 818 1576 ellentiae
833 1509 1020 1590 rationem3
1041 1525 1156 1572 move·

63 1612 121 1653 nur
139 1605 248 1659 autem
270 1594 306 1658 in
330 1598 393 1660 deo
415 1595 601 1661 secundum
631 1597 890 1682 praecedentem
910 1592 982 1658 ini
1010 1591 1042 1656 so
1059 1580 1154 1654 ‘bene
1180 1669 1184 1679 f

61 1675 161 1740 ellendi
190 1677 357 1760 rationem
389 1701 450 1764 per
475 1679 619 1744 virtutes
650 1682 760 1743 bonae
792 1676 947 1742 actionis.
1018 1694 1093 1738 οπο
1113 1671 1156 1736 in

62 1758 110 1820 deo
134 1760 279 1826 vivimus
315 1763 502 1827 secundum
522 1764 781 1848 praecedentem
802 1759 839 1826 in
860 1760 934 1846 ipso
955 1759 1085 1842 [emper
1105 1754 1155 1820 vi·
1206 1803 1212 1812 .

59 1842 142 1906 vendi
175 1862 210 1909 et
231 1843 394 1910 existendi
414 1846 601 1922 rationem3
634 1860 674 1926 et
694 1869 739 1910 ne
761 1838 835 1931 q'uie
857 1843 1041 1919 aestimaret
1060 1837 1155 1904 aliud

60 1944 108 1986 noe
134 1927 192 1991 effe
224 1943 261 1993 et
282 1928 375 1993 aliud
395 1929 519 1994 nostrae
541 1929 708 2003 rationes,
741 1950 813 1994 non
837 1927 922 1992 dixit
942 1925 979 1988 in
1002 1944 1070 2010 quo
1093 1943 1154 1986 no·
1245 2001 1247 2008 Α

58 2003 121 2070 lirae
138 2010 288 2095 rationes
309 2012 454 2087 vivunt,
479 2029 514 2076 et
532 2027 733 2087 moventur,
756 2027 792 2076 et
812 2011 905 2086 sunt3
930 2011 987 2074 led
1010 2003 1098 2072 dixit
1113 2004 1152 2068 in

12 2095 14 2118 '
58 2109 110 2174 quo
133 2093 281 2160 vivimus
312 2111 348 2159 et
380 2116 572 2171 moremur,
612 2111 647 2160 et
666 2097 803 2170 sumum
835 2091 924 2159 nihil
945 2087 1154 2155 enimuliud
1186 2108 1188 2113 ·

57 2193 106 2237 noe
122 2176 251 2259 iumue,
275 2177 312 2242 in
335 2195 499 2264 quantum
520 2181 651 2254 lumue,
673 2179 736 2242 nili
757 2175 1007 2265 ipleerationea
1023 2172 1152 2238 nostrae

57 2262 248 2326 aeternaliter
269 2260 307 2327 in
335 2265 398 2327 deo
426 2261 630 2330 substitutae.
673 2265 816 2326 Sanctae
845 2259 928 2324 item
949 2255 1153 2344 Augustinus

12 2327 15 2414 l
57 2337 84 2401 in
103 2345 269 2428 opusculis
290 2344 356 2409 luia
379 2345 584 2433 operationis
605 2343 754 2410 Divinae
772 2343 1033 2442 quadriformem
1051 2336 1152 2403 ratio·

55 2445 118 2489 nem
145 2451 342 2515 exponent,
380 2431 525 2493 secunda
549 2429 585 2492 in
609 2429 704 2494 verbi
731 2432 785 2492 der
808 2425 1058 2514 dispensatione
1078 2443 1151 2488 non

12 2511 13 2586 l
57 2505 144 2583 lacta,
177 2515 234 2577 sed
265 2528 399 2576 aeterna
432 2514 494 2577 effe
518 2511 691 2591 affirmat3
726 2509 787 2575 ubi
808 2532 878 2575 non
902 2510 1008 2572 [olum
1028 2505 1150 2602 secula,

12 2607 13 2610 ’
55 2611 151 2658 verum
181 2597 286 2660 etiam
316 2595 430 2660 omnia
460 2595 582 2682 quibua
610 2597 720 2659 secula
751 2609 785 2658 et
805 2607 1014 2678 peraguntur
1035 2605 1069 2653 et
1088 2610 1150 2652 rm·

55 2675 186 2754 plentur,
211 2678 325 2744 voluit
346 2678 504 2765 intelligi.
550 2681 735 2760 Operatio,
771 2674 903 2760 inquit,
932 2677 1048 2737 divina
1067 2692 1151 2758 quae

56 2749 147 2840 ficula
173 2767 305 2826 creavit
326 2777 361 2826 et
380 2763 558 2846 gubernat.
586 2755 809 2852 quadriformi
829 2762 957 2822 ratione
976 2753 1149 2846 distingui·

53 2855 103 2904 lvr-
140 2847 253 2912 Primo
330 2847 375 2912 orl
403 2849 437 2908 in
464 2848 557 2909 uerbi
577 2849 633 2908 alei
653 2837 917 2932 dispensatione,
947 2863 1011 2906 non
1027 2831 1148 2928 facta,

48 2918 100 3011 sed
118 2945 252 2994 aeterna
262 2869 365 3020 βυτ,
389 2933 447 3014 qui
467 2954 526 2994 nos
548 2928 706 3017 Apostolo
728 2927 812 3017 teste
833 2939 911 2988 ante
932 2939 1085 3006 tempora
1095 2915 1150 3014 se·

54 3011 162 3076 cellaria
184 3013 455 3103 praedestinavit
476 3018 510 3078 in
532 3035 685 3096 regnum·
715 3011 796 3074 itern
826 3007 908 3074 alibi
937 3011 979 3071 de
999 3004 1151 3070 trinitate

56 3091 204 3174 scribens,
227 3100 361 3162 verbnm
382 3099 456 3160 Dei
476 3097 607 3182 inquit,
636 3119 697 3178 per
715 3089 923 3182 quodfacto
936 3086 1020 3186 suut
1040 3093 1151 3154 omnia
1240 3116 1243 3126 ¹

53 3175 98 3240 un·
123 3183 434 3246 incommutabiliter
461 3187 580 3244 vivunt
607 3183 733 3254 omnia,
771 3171 954 3270 norrsolum
975 3197 1058 3261 quae
1068 3166 1148 3264 file·

51 3275 129 3338 nint,
165 3289 280 3341 verram
311 3269 411 3344 etiam
439 3287 521 3346 qrtae
541 3260 668 3356 futura
689 3260 792 3360 sunt:
831 3285 889 3324 nec
917 3273 985 3324 tum
1009 3263 1049 3322 vin
1076 3249 1150 3352 ipso

44 3339 191 3429 fuerunt,
236 3375 296 3414 nec
321 3343 447 3436 fictura
474 3343 578 3438 sunt,
609 3343 677 3441 jeci
715 3347 940 3412 tantummodo
968 3339 1077 3436 sunt:
1114 3353 1149 3402 et

49 3435 141 3496 omnia
175 3457 275 3497 aarum
287 3425 390 3523 sunt,
424 3447 457 3494 et
478 3437 584 3514 magis
604 3457 698 3508 ranam
720 3431 778 3580 ιβ.
822 3434 906 3494 ltem
927 3427 965 3491 in
986 3430 1150 3510 Examero

52 3514 84 3574 de
109 3519 181 3582 Deo
212 3519 328 3581 verbo.
371 3518 495 3594 Aliter,
525 3516 656 3602 inquit,
677 3512 723 3608 sa
774 3507 846 3602 ipso
864 3508 966 3602 sunt,
998 3529 1150 3591 eaquae

50 3617 97 3671 per
116 3597 224 3692 ipsum
236 3594 455 3693 factasunt,
477 3601 576 3662 aliter
596 3602 629 3662 in
651 3595 724 3696 ipso
739 3591 820 3744 [unt
842 3620 882 3659 ea
902 3616 985 3680 quae
1001 3586 1075 3680 ipse
1086 3587 1147 3678 est

52 3681 215 3769 Tanquam
245 3701 359 3772 aperte
390 3685 534 3758 dicerem
569 3681 673 3746 Aliter
701 3685 737 3746 lu
785 3681 847 3744 illo
876 3679 954 3742 [unt
987 3677 1069 3739 dum
1089 3693 1149 3760 per

52 3768 293 3848 generationem
326 3767 413 3832 facta
438 3769 474 3834 in
497 3765 696 3864 generibus,
731 3780 766 3830 et
789 3761 928 3835 fonnis,
960 3757 1047 3823 locis
1068 3775 1149 3844 quo·

54 3867 124 3929 que,
166 3869 202 3916 et
243 3851 452 3940 temporibus
479 3848 654 3915 vrfibiliter
680 3870 741 3935 per
768 3844 943 3911 materiem
970 3851 1150 3931 apparent'3

53 3929 134 4000 aliter
163 3936 203 4002 in
234 3935 247 4000 i
274 3937 308 4002 [ο
335 3936 414 3999 lunt
442 3937 523 4000 dum
550 3931 587 3997 in
609 3929 881 4019 primordialibua
901 3949 1013 3992 rerum
1034 3923 1149 3998 caufie,

51 4029 123 4099 quae
142 4041 219 4086 non
255 4021 347 4085 olum
369 4019 406 4087 in
426 4023 523 4096 Deo,
544 4039 664 4081 verum
686 4014 787 4081 etiam
808 4017 902 4078 Deua
923 4009 1023 4085 lunt,
1046 4024 1148 4074 aeter·

51 4101 159 4168 naliter
179 4102 439 4194 intelliguntur:
470 4119 504 4167 et
522 4101 602 4166 ideo
625 4099 690 4179 ait,
724 4119 763 4165 ea
784 4119 869 4184 quae
889 4097 961 4184 ipse
980 4094 1043 4170 est,
1076 4109 1148 4158 non

51 4190 136 4268 quod,
149 4187 216 4254 alia
239 4190 318 4268 furt,
354 4209 439 4276 qaae
460 4187 496 4253 in
515 4187 595 4252 'Deo
616 4185 712 4262 lunt,
734 4197 769 4250 et
787 4187 881 4251 Deua
902 4181 966 4247 effe
986 4177 1148 4246 dicuntur
