2854 4978
185 197 207 228 ρ
298 208 301 220 .

358 305 406 330 ,,
492 244 598 316 uter
622 241 775 352 Terlt'ttt.
841 280 846 292 ·
1105 185 1191 318 W,

90 437 274 504 creaturae,
299 431 396 576 [uim
416 448 519 496 omne
539 429 782 520 quodsdicitur,
799 445 834 496 et
847 427 1061 518 intelligitur,
1085 433 1187 500 dean

87 517 241 589 exaltant,
263 513 337 578 nihi
366 521 508 591 aarum,
533 537 619 602 quae
639 516 735 592 lunt,
759 531 893 602 atquae
909 516 981 582 'non
997 515 1085 593 lunt,
1108 522 1212 583 etim*

88 603 142 664 elle
162 598 385 685 pronunciat:
408 599 565 681 estanim
585 600 768 666 maximum
792 602 917 665 dehac
938 598 1070 666 ratione
1091 599 1187 688 ψ’·

83 701 243 757 tremum,
273 683 296 745 st
333 685 401 775 dun
431 686 593 768 quaedam
624 684 703 748 sunt
724 687 834 759 Deua,
866 699 900 746 et
921 683 1099 760 Creatuta,
1130 691 1189 748 au't

84 771 119 831 ab
141 789 206 832 uno
228 764 399 854 principio
423 767 517 842 lunt,
541 789 579 832 ac
600 789 661 854 per
682 771 749 831 hoc
767 767 918 848 ejusdem
933 777 1092 832 naturae:
1115 789 1188 832 non

85 850 167 914 enim
190 873 229 914 ex
250 849 421 936 principio
443 867 513 914 uno
534 865 722 916 nascuntur
743 850 909 938 contraria
929 850 1115 916 secundum
1131 871 1188 917 na·

84 951 201 997 turamt
224 933 274 997 lui
296 955 441 1020 namque
462 933 627 1024 Principii
648 949 804 998 naturam
826 937 1015 999 attrahunt:
1050 951 1109 998 aut
1154 955 1190 999 er

83 1019 111 1081 le
137 1020 204 1082 duo
230 1017 403 1104 Principia
431 1019 561 1084 fibimet
591 1021 669 1083 lunt
700 1019 847 1083 adversa.
892 1019 981 1082 Nam
1011 1018 1111 1100 licut
1131 1019 1191 1082 ub·

82 1099 233 1164 stantialia
260 1121 331 1164 non
365 1103 442 1165 lunt
464 1105 551 1180 duo,
586 1103 641 1166 led
664 1125 790 1177 unum,
824 1103 983 1167 fiantern
1004 1096 1133 1178 Deua‚'
1156 1115 1191 1166 et

84 1187 234 1249 creatura
257 1206 325 1248 non
351 1186 429 1248 lunt
450 1190 537 1262 duo,
563 1187 759 1262 sedunum,
788 1201 822 1250 et
843 1206 969 1262 unum;
992 1201 1052 1250 aut
1072 1203 1192 1272 aequa·

83 1269 122 1333 lia
142 1271 233 1344 lunt,
258 1284 292 1331 et
313 1271 443 1332 nullum
467 1293 506 1334 ex
529 1271 653 1346 alter03
678 1269 814 1334 fienim
836 1273 923 1345 duo,
947 1291 987 1334 ex
1008 1275 1079 1334 un'o
1095 1265 1191 1339 nasci

85 1354 204 1418 neceffe
233 1352 287 1415 est.
331 1353 365 1416 Si
396 1369 507 1418 autem
536 1359 629 1418 Deua
653 1376 693 1418 ex
714 1355 828 1428 nullo,
864 1356 1025 1420 Creatura
1046 1373 1129 1418 veto
1150 1371 1193 1415 ex

82 1439 172 1513 Deo;
214 1436 278 1500 erit
304 1459 412 1500 unum
442 1461 481 1502 ex
510 1440 631 1514 altero,
666 1459 736 1502 non
765 1457 848 1500 vero
879 1435 1049 1523 aequalina
1082 1457 1191 1499 unum

83 1541 221 1608 namque
244 1522 284 1582 ab
308 1519 437 1606 aequali
457 1521 516 1584 fibi
539 1543 610 1585 uno
633 1543 703 1586 non
725 1519 899 1608 gignitur3
928 1536 963 1583 at
984 1521 1008 1584 fi
1030 1521 1191 1586 ereatura

82 1625 118 1667 ex
138 1607 210 1670 Deo
233 1602 315 1677 erit,
352 1603 530 1668 eritDtua
552 1606 667 1680 causa,
702 1622 853 1669 creatura
873 1625 954 1668 vero
977 1603 1135 1677 effectam
1167 1601 1192 1664 ti

81 1704 185 1752 autem
215 1689 376 1752 Creatdra
403 1688 446 1750 est
478 1687 637 1764 affectus,
670 1709 741 1777 nan
774 1688 871 1753 caula
903 1687 1010 1764 fretra
1041 1683 1193 1773 sequitur

82 1775 184 1835 Deum
206 1769 244 1839 in
266 1769 441 1840 effectibus
463 1771 530 1836 luia
554 1771 646 1845 lieri,
668 1793 740 1835 non
763 1771 854 1836 enim
874 1793 914 1835 ex
929 1771 1031 1835 caula
1040 1769 1078 1833 in
1095 1767 1192 1832 effec-

82 1871 131 1919 tua
160 1856 242 1918 [ιιοει
288 1855 436 1930 rocedit‚
467 1859 559 1953 quod
582 1877 600 1918 a
622 1853 811 1918 intratura
837 1854 985 1919 alienum
1006 1854 1062 1928 fit,
1095 1849 1194 1941 liqui·

83 1938 209 2003 demin
233 1877 397 2010 citiorem,
422 1955 455 2001 et
477 1963 513 2002 rn
535 1941 666 2016 lucem,
690 1939 739 2002 nil
762 1938 872 2013 aliud,
895 1937 958 2002 nifi
982 1936 1052 2024 ipsa
1072 1935 1124 1999 via
1144 1932 1192 2022 ig·

80 2043 138 2086 nea
171 2021 339 2120 erumpit3
374 2022 398 2085 [ι
433 2038 546 2087 autern
568 2023 643 2109 quia
667 2021 806 2097 dixerit,
845 2043 953 2085 unum
975 2014 1193 2107 aequale'fibi

79 2127 182 2170 unum
206 2105 333 2192 gignit,
357 2127 436 2171 nam
458 2122 492 2170 et
512 2110 604 2170 Deua
626 2122 739 2206 pater,
763 2107 843 2170 dum
859 2107 899 2179 fit
912 2127 1032 2179 unum,
1055 2100 1193 2202 aequale
1250 2141 1253 2148 »
1309 2143 1312 2154 .

79 2189 133 2254 fibi
161 2211 292 2263 unum,
325 2193 438 2254 Deum
460 2189 568 2254 lilium
601 2205 735 2278 grgnrt,
768 2204 953 2288 cognoscat
976 2188 1009 2252 le
1029 2205 1194 2250 nrnnrum

81 2295 196 2339 creare.
228 2274 365 2338 Summa
377 2273 546 2360 liquidem
563 2275 743 2360 sanctaque
755 2271 907 2337 Trrnitaa
923 2293 994 2336 non
1014 2270 1057 2335 etl
1072 2289 1192 2343 unum,

80 2373 255 2431 aunum,
288 2371 322 2420 et
348 2379 475 2430 unum,
507 2359 563 2422 led
592 2358 745 2442 srmplex,
779 2373 813 2421 et
837 2356 1058 2421 individuum
1082 2373 1191 2416 unum

83 2439 116 2506 in
143 2441 252 2504 tribua
274 2439 552 2525 inseparabilibus
575 2439 781 2516 substantiis,
816 2455 851 2503 et
871 2439 957 2502 illud
980 2459 1088 2502 unum
1109 2435 1195 2499 mul·

80 2525 179 2612 tiplex
200 2524 328 2588 virtute
351 2525 417 2600 est,
439 2545 511 2589 non
533 2544 694 2600 numero,
711 2538 756 2587 'et
775 2543 846 2587 non
870 2521 997 2608 aliquid
1013 2541 1121 2584 unum
1138 2517 1192 2594 ert,
1299 2579 1302 2594 ,

81 2609 132 2672 led
152 2607 386 2672 universaliter
395 2637 408 2683 ,·
428 2623 462 2671 et
482 2607 618 2672 infinita
640 2630 767 2680 unum,
790 2621 825 2669 et
843 2606 942 2692 super
957 2625 1059 2668 omne
1073 2623 1192 2672 unum.

100 2695 166 2756 uod
189 2690 282 2767 dici,
305 2693 360 2756 vel
380 2691 525 2778 intelligi
547 2691 663 2779 potest.
709 2691 775 2754 Sed
797 2703 915 2753 contra
933 2686 1009 2752 illos
1034 2683 1194 2772 quitalia

81 2713 121 2839 io
146 2775 320 2851 mutinam,
341 2796 437 2840 nunc
457 2773 557 2839 nohis
579 2775 685 2838 fermo
707 2795 780 2838 non
802 2773 855 2848 ell,
876 2775 942 2834 hoc
965 2785 1096 2833 tantum
1117 2787 1195 2864 prp-

79 2797 267 2945 paiuimua,
297 2873 462 2945 quantum
491 2857 580 2922 vireu
610 2858 834 2944 suppetebant
862 2854 1079 2940 investigare,
1112 2851 1195 2936 qur'd

81 2963 117 3006 eo
144 2939 287 3006 nornine
314 2945 406 3028 quod
436 2941 480 3004 est
509 2939 678 3016 nihilum,
711 2943 842 3025 dequo
864 2940 957 3001 Deua
980 2935 1128 3000 creditur
1150 2933 1195 2995 fe·

80 3025 153 3089 cille
179 3027 366 3100 mundum,
402 3023 618 3112 fignificatur.
681 3022 767 3107 Quia
792 3022 844 3086 uia
879 3024 921 3084 de
955 3015 1196 3093 constitutione

80 3107 198 3172 mundi
219 3107 385 3172 rationem
406 3111 547 3173 reddere
567 3107 751 3180 defiderat,
770 3045 850 3168 iuia'
867 3099 1193 3199 sequacibus-eligat,

80 3191 161 3280 quid
192 3191 347 3256 suadeatt
381 3211 444 3256 noa
475 3207 588 3256 autem
618 3190 748 3254 nollrae
771 3187 1040 3253 ratiocinationis
1065 3201 1129 3247 ater
1149 3196 1196 3244 te·

79 3295 234 3350 neamus,
274 3289 309 3338 et
338 3273 499 3361 quoniam
529 3277 777 3363 propemodum
801 3271 892 3336 inter
912 3287 975 3356 not
998 3267 1193 3334 confectum

80 3359 121 3423 est
149 3355 265 3422 omnia
293 3379 333 3421 ex
360 3361 459 3433 Deo,
495 3375 525 3423 et
557 3363 668 3424 Deum
699 3357 736 3422 in
766 3353 926 3421 omnibua
955 3356 1032 3427 elle,
1067 3366 1100 3414 et
1121 3370 1193 3414 non

80 3440 216 3507 aliunde
236 3439 298 3505 nist
321 3463 360 3504 ex
380 3441 454 3528 ipso
476 3441 563 3505 lacta
586 3441 674 3514 elle,
700 3463 804 3527 quum
827 3438 984 3523 eripio,
1008 3451 1042 3499 et
1060 3455 1122 3532 per
1144 3431 1195 3530 ip·

80 3527 169 3601 lum,
193 3523 284 3590 etin
306 3523 378 3610 ipio
403 3525 490 3588 iacta
511 3527 589 3588 lunt
610 3523 740 3598 omnia;
765 3525 937 3611 quomodo
953 3521 1195 3606 quad'rrpartrta

80 3608 184 3674 totius
206 3625 345 3672 naturae
368 3606 526 3679 discretio
551 3611 625 3672 Deo
649 3607 852 3684 conveniat,
872 3605 974 3692 plane
995 3596 1196 3667 utbreviter
1256 3645 1258 3652 .
1360 3647 1365 3654 .

79 3691 297 3779 recapitulet,
320 3691 447 3778 flagito.
814 3725 819 3736 .

142 3791 192 3854 23.
226 3781 266 3840 ln
299 3771 587 3862 disputationibus
608 3790 775 3922 nam³ue‚
811 3786 848 3835 et
866 3766 1011 3835 maxime
1033 3764 1075 3830 de
1094 3763 1195 3827 rebua
1298 3779 1305 3792 ·

83 3859 232 3923 obtcuria
253 3860 400 3923 multum
422 3860 513 3923 valet
533 3857 690 3941 ἂνακεφα
718 3857 852 3928 uiuant,
889 3855 956 3917 hoc
977 3849 1038 3924 est,
1069 3841 1195 3942 recapi·
1275 3925 1283 3942 Ι
1323 3857 1326 3864 ’

83 3943 221 4019 tulati03
242 3942 392 4007 breviter
413 3941 521 4018 enim,
546 3958 727 4029 aperteque
748 3937 919 4026 praedicta
942 3933 1055 3998 omnia
1072 3951 1108 3992 rn
1124 3949 1195 3992 nae-

83 4025 224 4090 moriam
252 4039 407 4100 revocat,
444 4026 636 4116 mentisque
669 4022 844 4092 obtutibus
870 4031 995 4085 cuncta
1016 4035 1102 4114 quae
1122 4025 1196 4109 anta

84 4108 178 4190 lunt,
200 4109 296 4174 innul
316 4109 487 4175 manifesta
508 4110 595 4174 lunt.
638 4109 688 4173 Μ.
712 4111 765 4170 De
786 4107 880 4202 Davo,
910 4116 951 4164 nt
972 4119 1113 4200 qprnor,
1131 4113 1194 4193 ,rn-

85 4205 137 4257 ter
166 4213 232 4260 noa
260 4207 486 4272 convenerat,
524 4195 617 4280 quod
648 4189 757 4259 totiua
784 4185 1009 4254 nnrrerfitaut
1036 4183 1195 4250 condatur
