2948 4978
484 209 769 343 werstanus
933 263 944 284 ⁸
1121 251 1171 322 si
1297 301 1301 310 .

95 425 192 495 unit
209 421 341 494 ’Μὴ
359 441 508 515 partem
538 440 662 494 terram
681 423 776 506 dicu,
805 427 1001 497 intumum
1023 429 1170 521 gram.

92 511 167 574 lium·
183 509 356 576 nominem
384 508 525 578 locumi
559 509 630 595 Qui
656 507 807 577 similiter
832 515 1055 582 coadunatam
1083 517 1169 594 inse-
1336 525 1340 547 ¹

92 593 313 680 parabilenque
344 609 495 695 partem,
531 591 794 684 qualitatemque
833 594 1028 684 frigiditatis
1058 601 1169 702 proni-

89 674 1023 849 ittiritti'tii'tslt‘tistttiltild‘titti
1036 687 1170 853 itit

86 843 179 909 locuni
198 844 259 908 esse
278 843 437 910 aestimat.
472 846 671 944 Eodemque
690 845 793 910 modo
814 846 1009 932 amplissima
1026 850 1170 918 aetheris

85 925 172 1010 spatia
190 927 377 997 coelestium
398 948 578 1017 corporum
602 926 808 1000 circulariter
829 925 866 994 in
884 951 925 995 eo
939 935 1170 999 revolutorum

84 1007 145 1072 loce
169 1011 342 1077 nominare
368 1011 562 1079 consuevit:
590 1032 676 1099 quae
705 1010 820 1076 omnia
847 1033 926 1077 vere
954 1014 1086 1081 ratione
1107 1017 1170 1082 dis·

82 1091 222 1239 gepqnip
242 1096 633 1244 naturarnssscqnsultm
652 1096 840 1240 Pqnsslw,
869 1096 927 1164 sed
945 1115 1057 1186 partes
1070 1115 1168 1165 muu-
1247 1179 1249 1182 .
1294 1111 1300 1116 '

128 1197 188 1340 isui.⁸
195 1194 569 1350 Uiciiigriimperipiiittie
583 1194 854 1348 iilgiitiiiiinliii
870 1263 1058 1349 praedictas
1072 1287 1193 1330 mun·-

81 1339 117 1438 di·
127 1345 288 1441 generales
309 1361 439 1433 partes,
471 1365 655 1444 earumque
671 1345 819 1442 partium
833 1361 968 1433 partes,
1000 1349 1169 1435 usquead

79 1425 292 1494 minutissimas
337 1427 547 1494 ervenientes
569 1443 795 1515 partitiones,
816 1451 889 1494 non
912 1432 1091 1508 estilota,
1112 1433 1170 1496 sed

79 1507 148 1604 locis
161 1453 457 1608 'circumscriptam
488 1511 589 1599 ipsius
618 1510 688 1577 loci
708 1529 828 1579 natura
846 1514 950 1599 paulo
972 1513 1171 1600 diligentius

80 1588 170 1656 stibi
188 1597 301 1681 placet
321 1597 558 1663 consideranda
580 1594 633 1661 est.
675 1597 726 1661 M.
748 1595 864 1662 Placet
885 1596 1059 1684 equidem:
1081 1600 1170 1663 etad

78 1674 145 1772 loc·
158 1679 364 1746 audiendum
386 1682 542 1744 ardenter
561 1678 681 1748 insisto.
722 1682 765 1745 D.
787 1679 914 1768 Accipe
934 1702 1014 1769 ergo
1036 1683 1101 1746 tale
1122 1703 1171 1746 ra·
1244 1715 1248 1730 ·

79 1759 293 1829 stannationie
313 1761 506 1846 hujusmodi
528 1760 722 1845 exordium
755 1784 857 1853 quam
877 1785 897 1827 a
917 1763 1048 1835 Sanctis
1069 1763 1170 1850 petri·

79 1839 145 1916 bus.
182 1846 346 1934 Gregorio
377 1845 538 1912 videlicet
570 1847 768 1932 Theologo,
808 1849 1007 1913 Sermonum
1031 1869 1076 1912 ue
1098 1851 1171 1929 ejus

76 1926 191 2068 egregio
212 1931 400 2017 expositore
418 1928 568 1994 Martiano
584 1929 767 1995 rumfimue
810 1931 921 1996 Omne
941 1871 1170 2031 quoicunquc
1240 1981 1243 1988 .

76 2025 285 2158 intingam
315 2017 446 2090 Deum,
476 2011 535 2114 gui
565 2011 654 2078 solue
683 2012 783 2100 super
809 2013 921 2100 ipsum
951 2015 1013 2080 else
1034 2035 1171 2102 proprie

180 2110 209 2172 t,
242 2096 448 2184 intelligitur
475 2119 513 2160 in
544 2094 634 2162 loco.
676 2097 766 2162 cum
795 2117 864 2184 quo
892 2096 1052 2164 videlicet
1080 2101 1169 2175 loco,

74 2173 140 2322 tt
157 2177 1171 2349 tritttirttttttittti’restittit

28 2399 30 2404 .
76 2339 130 2404 loci
154 2287 436 2434 cointelligentiaP
453 2343 591 2412 diffiniri
618 2347 734 2446 potest
778 2287 881 2412 ilaei
899 2346 993 2414 euim
1016 2289 1111 2414 inter
1131 2369 1171 2413 ea

93 2445 146 2490 uae
170 2429 265 2495 fimus
288 2447 324 2494 et
343 2431 472 2515 semper
492 2428 589 2502 sunt,
621 2429 887 2518 inseparabiliter
906 2439 1100 2517 ponunturi
1131 2451 1170 2496 ac

74 2443 130 2572 ine
158 2511 209 2578 liis
239 2516 336 2596 nulla
362 2511 516 2591 essentia,
551 2533 637 2599 quae
665 2535 726 2600 per
776 2513 1007 2602 onerationem
1039 2513 1172 2600 accepit

76 2592 140 2686 elle,
166 2599 235 2662 ullo
265 2600 372 2664 ruodo
397 2599 490 2660 valet
517 2596 689 2660 consistere
715 2536 775 2661 vei
792 2597 962 2684 cognosci.
1005 2597 1170 2664 Omnium

75 2689 170 2760 itique
191 2679 404 2746 existentium
427 2679 563 2744 edentia
583 2679 699 2744 localis
716 2696 818 2767 atque
833 2681 1025 2766 temporalis
1039 2683 1101 2746 elli
1124 2695 1170 2744 at·

69 2765 128 2841 ‘que
145 2759 220 2827 ideo
243 2765 307 2828 nisi
328 2761 366 2826 in
387 2765 464 2828 loco
486 2777 521 2826 et
541 2777 704 2848 tempore,
728 2779 763 2826 et
784 2763 844 2828 sub
864 2765 942 2828 loco
965 2780 1000 2828 et
1013 2766 1073 2828 sub
1088 2780 1170 2828 tem·

74 2861 156 2924 porc,
183 2849 282 2912 nullo
310 2849 414 2911 modo
446 2845 672 2932 cognoscitur.
714 2848 793 2910 Non
823 2847 916 2911 enini
946 2847 1100 2912 omnium
1121 2867 1171 2910 re·

75 2944 136 2990 mm
159 2930 357 2995 universitas
384 2931 444 2994 sub
475 2929 509 2991 se
533 2927 620 3012 ipsa,
653 2943 687 2993 et
711 2928 801 2994 intre
828 2928 968 3014 seipsam
998 2929 1051 2994 est.
1095 2932 1172 2993 Hoc

73 3008 149 3073 enim
168 3009 561 3078 statuereirrationabile
583 3011 628 3075 esi
649 3027 683 3075 et
702 3005 921 3109 impoffibile'r
949 3011 1055 3099 ipsam
1074 3009 1171 3076 vide·

74 3087 140 3172 licet
166 3096 418 3161 universitatem
451 3096 549 3180 super
575 3095 680 3159 semet
699 3097 950 3160 universitatem
972 3099 1069 3172 esses
1090 3097 1171 3160 dum

72 3171 405 3269 circumscriptionem
424 3181 557 3242 lrabeat
592 3179 664 3264 post
695 3179 810 3243 omnia
841 3179 1171 3246 circumscribentem

74 3261 188 3336 omnia,
221 3264 283 3329 sub
319 3262 353 3325 se
380 3261 471 3348 ipsa,
499 3259 537 3326 in
569 3260 602 3325 se
634 3262 706 3350 ipsa
727 3262 974 3328 causalissimam
995 3261 1169 3327 virtutem.

72 3341 132 3424 lpse
150 3344 176 3408 it
218 3367 265 3410 ue
286 3345 365 3410 finis
389 3342 533 3410 exterior
553 3346 647 3410 locus
669 3345 896 3412 universitatis
915 3349 975 3412 eit:
997 3349 1081 3412 sicut
1096 3343 1170 3432 qui·

75 3425 138 3490 dnn
157 3429 188 3492 d'
227 3429 335 3492 niunt
353 3429 487 3501 locum,
517 3424 689 3504 dicentes,
715 3431 811 3496 locus
833 3430 877 3493 est
897 3429 969 3515 ipsa
990 3447 1081 3494 extra
1095 3427 1171 3493 uni·

72 3507 242 3577 vertitatem
272 3510 450 3587 ambitus,¹
468 3511 523 3574 vel
549 3509 620 3608 ipse
653 3527 743 3576 extra
771 3509 1021 3602 universitatem
1048 3511 1169 3598 pofitio

72 3593 114 3653 vel
132 3593 235 3661 finem
259 3595 550 3680 comprehendens
572 3615 609 3658 in
630 3616 698 3680 quo
716 3595 1014 3682 comprehenditur
1023 3615 1172 3680 compre·

72 3672 207 3742 lienium.
252 3679 333 3742 Sub'
346 3691 498 3774 ternpore
519 3677 582 3740 esse
602 3677 757 3744 universa
775 3677 1067 3764 comprobabiturt
1090 3695 1174 3763 quo·
1198 3756 1205 3770 ἱ
1304 3693 1309 3706 ’

72 3753 149 3823 idam
172 3781 247 3826 non
278 3760 490 3847 simpliciter,
521 3761 578 3824 sed
605 3758 842 3846 aliquomodo
865 3760 929 3827 effe
948 3761 1075 3824 habent
1094 3757 1171 3823 uni·

73 3841 164 3916 teila,
189 3865 417 3931 quaecunque
444 3841 516 3930 post
543 3847 658 3910 Deum
686 3845 749 3910 esse
777 3847 921 3922 habent,
950 3864 989 3908 ac
1016 3865 1078 3930 per
1104 3845 1172 3907 hoc

74 3941 129 3987 non
150 3943 270 3992 carent
288 3924 471 4014 principio.
516 3929 628 3992 Omne
649 3926 741 3994 enim
781 3931 988 4016 uodcunque
1004 3925 1171 3992 rationem
1244 3938 1246 3944 '

77 4007 184 4093 recipit
205 4009 446 4091 alicujusmodi
468 4009 639 4086 essentiae,
669 4011 767 4076 etsie
799 4059 809 4087 ,
839 4033 911 4080 non
933 4025 1014 4077 erat.
1054 4013 1172 4096 ltaque

77 4087 173 4180 ,aliquo
192 4097 301 4160 inodo
324 4095 406 4170 elle,
428 4095 496 4160 hoc
518 4093 562 4160 est
580 4092 732 4160 localiter
752 4096 826 4160 etse.
868 4099 913 4163 Et
933 4095 1047 4180 aliquo
1067 4094 1171 4158 modo

77 4177 229 4244 tucheisle
260 4178 342 4257 else,
365 4179 439 4246 'hoo
466 4177 512 4244 esl
539 4178 767 4266 temporaliter
785 4179 859 4247 esse.
901 4182 1050 4268 Ideoque
1070 4196 1172 4244 omne
