2856 4978
175 217 181 224 ’
270 255 346 328 eoa
440 285 461 294 -
595 255 649 324 oe
670 257 852 338 oudone
874 207 1114 322 naturas

867 401 877 426 l

172 510 177 520 ,
273 441 402 508 tionem
431 441 582 527 patient,
614 439 823 505 incrementa
853 452 889 502 et
905 437 1115 512 ,detrimenta
1137 457 1196 524 per
1212 437 1381 533 ,quantita-1

273 541 323 590 tea
355 539 388 588 et
409 524 587 609 qualitates
608 524 751 610 recipit,
788 517 972 608 multisque
995 537 1029 588 et
1048 519 1150 586 variia
1172 518 1362 594 disterentiit,

272 629 358 696 quae
379 608 582 672 extrinsecus
605 629 644 671 ex
664 608 824 694 qualitate
837 608 1008 678 locorum,
1032 613 1166 677 aerum.
1187 606 1360 678 humorum,

273 693 445 765 ciborum,
480 689 702 790 similiumque
724 690 935 756 occasionum
958 688 1136 762 accidunt,
1175 685 1363 762 succumbiq

273 796 391 841 nonne
420 774 596 840 verisimile
623 773 775 851 videtur,
811 791 988 861 rectaeque
1016 772 1140 837 rationi
1163 770 1364 844 convenient,

274 875 314 922 ut
346 859 414 944 ipsa
446 846 653 922 mutabilitas
674 857 835 924 materiae
854 879 931 922 curn
953 857 1025 944 ipsa
1046 855 1151 920 forma
1173 853 1362 942 qualitativa,

273 963 359 1028 quae
390 941 422 1004 ei
457 946 630 1016 adhaeret,
665 945 811 1008 eundem
847 943 968 1006 aestum
990 939 1220 1004 fluctuationis
1242 937 1367 1001 assiduae

271 1023 670 1112 turbidaequepatitur,
705 1047 865 1112 aquarum
900 1026 958 1090 sub
982 1026 1077 1090 coelo
1099 1021 1293 1110 simplicium
1314 1022 1366 1082 ele·

271 1123 469 1173 mentorum·
498 1109 677 1196 positarum
711 1110 846 1197 tropico
876 1109 1018 1174 nomine
1040 1111 1161 1172 debeat
1181 1103 1365 1190 significaris

273 1191 604 1258 Substantialia·vero
625 1194 732 1258 sorma
753 1196 806 1257 vel
832 1193 957 1280 species
979 1215 1101 1279 genere
1124 1192 1183 1254 luo
1199 1189 1367 1253 incommu·

273 1275 422 1340 tabiliter
443 1277 633 1351 subsistens,
656 1299 741 1366 quae
761 1277 857 1342 nullo
879 1280 982 1362 modo
1004 1297 1081 1340 cum
1104 1293 1245 1372 corpore
1265 1289 1366 1336 erma·

273 1358 355 1422 teria
385 1373 419 1422 et
446 1359 642 1447 qualitativa
677 1363 783 1427 forma
805 1361 1013 1447 composito,
1047 1357 1303 1444 mutabilitatem
1321 1375 1365 1439 pa·

223 1453 226 1462 '
273 1443 373 1523 titur3
407 1445 490 1517 (non
527 1444 617 1508 enim
640 1466 717 1510 cum
740 1465 878 1531 corpore
902 1439 1047 1530 incipit,
1081 1440 1234 1529 quamvis
1255 1439 1288 1502 in
1310 1459 1367 1501 cor·

270 1545 354 1612 porc
375 1543 553 1602 nascatur,
576 1527 645 1593 fine
666 1549 733 1616 quo
757 1551 818 1615 pet
839 1528 978 1615 seipsam
999 1527 1036 1590 in
1060 1524 1263 1613 generet-suo
1281 1523 1366 1585 ellen-
1411 1565 1412 1602 3

239 1605 399 1673 ¹·tialiler
434 1627 626 1698 permanet3
664 1635 775 1700 neque
814 1633 892 1676 cum
920 1630 967 1675 ‘eo
995 1607 1242 1694 corrumpitur,
1278 1625 1365 1692 quun
1411 1605 1412 1630 ¹

272 1690 426 1769 essentia,
449 1710 483 1758 et
502 1693 631 1771 virtue,
655 1712 689 1760 et
710 1696 862 1783 operatio
881 1717 958 1760 cum
975 1692 1251 1780 corruptibilibus
1265 1705 1296 1754 et
1308 1708 1367 1752 mu·

200 1819 213 1838 ,
254 1777 430 1872 xtabilibus
452 1799 517 1842 nec
539 1781 727 1866 corrumpi,
752 1801 817 1845 nec
832 1779 952 1843 mutari
973 1778 1127 1865 poliunt,
1150 1773 1293 1864 propriis
1304 1774 1366 1835 suae

262 1876 411 1926 ,naturae
432 1862 609 1942 subsidua)
641 1866 776 1936 cridae,
809 1867 876 1927 hoc
899 1863 960 1936 est,
997 1878 1101 1924 terrae
1122 1859 1288 1923 vocabulo
1309 1875 1366 1918 non

271 1942 461 2025 incongrue
483 1948 680 2030 appelletur.
715 1950 965 2030 Congngentor
984 1967 1063 2028 ergo
1085 1965 1213 2028 oquae,
1234 1938 1366 2032 qaaejub
1411 1965 1412 1978 ¹

272 2028 359 2116 coelo
370 2024 472 2118 suut,
496 2034 529 2091 t'n
551 2031 654 2094 summ
676 2055 788 2108 unum,
813 2045 846 2094 et
866 2043 1033 2112 appareat
1054 2029 1164 2094 arida.
1209 2025 1276 2090 Nisi
1292 2023 1366 2088 enim

273 2111 557 2197 contemplativus
579 2114 710 2179 animur
733 2117 956 2179 fluctuantem
977 2111 1137 2176 materiae
1161 2105 1368 2176 adhaerentia·

271 2211 338 2337 que
370 2195 402 2256 ei
434 2196 560 2260 formae
580 2198 850 2271 instabilitatem,
887 2195 995 2261 veluti
1018 2198 1182 2283 quosdam
1204 2193 1367 2257 aestuanter

237 2273 246 2296 ⁸
297 2289 417 2349 uetur,
452 2274 488 2339 in
512 2293 620 2343 unum
642 2280 1024 2367 intelligentiae'locum
1047 2283 1149 2354 (unus
1171 2272 1368 2362 namquein·

272 2360 425 2422 tellectus
447 2361 491 2423 eil
505 2362 665 2427 materiae
686 2363 966 2462 adhaerentisque
1002 2362 1032 2427 ei
1056 2363 1203 2435 somnae,
1227 2356 1366 2448 quoniam

273 2444 388 2538 unum·¹
401 2463 523 2531 corpus
545 2444 709 2524 efficiunt)
730 2447 826 2534 priua
850 2449 1005 2534 colligat,
1038 2446 1145 2510 forma
1167 2446 1225 2509 illa
1247 2441 1366 2506 substan·

272 2525 360 2622 tpalis
371 2550 388 2601 ,³
403 2528 547 2592 naturali
571 2529 738 2594 soliditate
752 2531 829 2595 suae
843 2547 982 2596 naturae
996 2530 1125 2616 semper
1139 2527 1270 2601 stabilia,
1291 2543 1367 2590 men·

273 2623 314 2671 tre
337 2611 447 2674 oculie
465 2631 626 2708 apparere
645 2635 715 2679 non
738 2613 883 2700 poterim
908 2630 946 2676 ut
969 2612 1061 2677 enim
1079 2611 1211 2677 diffusio
1226 2627 1365 2696 aquarum

201 2779 205 2786 1
274 2692 400 2757 tellu‘rie
421 2692 643 2768 soliditatem,
677 2713 733 2760 ne⁴
748 2697 893 2761 sensibus
915 2697 1084 2783 corporeis
1106 2711 1282 2782 appareat,
1305 2709 1366 2754 coo·

271 2775 466 2873 perirqipa}
476 2779 756 2924 corruptibilium
770 2795 950 2864 corporum
989 2779 1197 2843 mutabilitas
1225 2793 1258 2839 et
1284 2774 1367 2836 innu·
1411 2781 1413 2864 l

271 2859 438 2921 merabrlra
460 2862 583 2947 multip
598 2863 723 2934 icatio,
749 2863 946 2928 subsistentia
968 2864 1016 2926 cie
1034 2865 1160 2926 formae
1175 2856 1365 2922 stabilitatem

273 2942 313 3001 ab
334 2938 619 3024 intellectualibus
642 2946 751 3008 oculis
773 2959 925 3007 naturam
950 2965 1059 3007 rerum
1074 2939 1366 3029 contemplantibus

272 3022 396 3096 aufert,
427 3045 564 3109 ue···per
587 3026 618 3088 se
640 3047 657 3088 a
680 3028 877 3113 corporibus
901 3026 1041 3091 discreta
1065 3027 1290 3091 confuderetur
1308 3041 1366 3108 per·

274 3105 395 3190 spicue.
440 3109 483 3167 Et
505 3111 790 3192 quemadmodum
811 3111 1046 3176 recedentibus
1069 3101 1180 3208 aquis,
1216 3110 1314 3194 inque
1333 3103 1366 3166 al·

272 3209 374 3251 veum
397 3189 492 3273 suum
515 3193 666 3276 undique
688 3195 829 3257 collecte
852 3194 1050 3267 cumulatis,
1079 3197 1194 3258 lrttora
1216 3196 1270 3256 lon
1296 3189 1365 3252 ela·

273 3286 372 3355 teque
408 3275 517 3346 nuda,
555 3273 662 3348 sicca,
700 3275 883 3364 solidaque'
907 3293 1107 3363 patescuntp
1146 3278 1191 3343 stc
1227 3213 1366 3339 ininius

274 3369 342 3415 tate
382 3355 655 3441 emnrptibilium
690 3375 814 3435 rerunt’
841 3360 967 3424 mentis
1007 3359 1165 3425 contuitu
1198 3364 1238 3424 ab
1275 3357 1367 3419 incor·v

271 3433 494 3522 ruptibilibue
531 3439 661 3506 naturis
698 3457 768 3507 nno
786 3443 1099 3530 contemplationis
1134 3459 1251 3507 tenore
1279 3440 1364 3534 seqre·

225 3541 227 3550 ·
272 3531 366 3604 gata,
386 3536 479 3587 'mox
507 3523 690 3589 formarum
720 3521 1005 3604 substantialium,
1038 3543 1078 3598 ,et
1111 3526 1293 3612 specierum
1315 3541 1364 3585 nua

271 3605 445 3704 mutabilia
476 3603 782 3696 pulcherrimaque·
808 3611 982 3686 soliditas,
1028 3609 1063 3673 in
1100 3605 1279 3708 'generibus
1311 3599 1364 3667 luit

272 3705 386 3751 amrm‘
411 3691 587 3756 obtutibus
623 3692 755 3759 arridet.
806 3694 923 3759 drids
941 3709 1053 3758 autern
1087 3693 1212 3757 dicitur
1239 3689 1362 3756 iubilan·

274 3768 404 3844 tialium
438 3763 624 3856 scamarum
662 3775 835 3842 stabilitae.¹
888 3779 962 3841 Nec
995 3777 1182 3854 immerit03
1223 3772 1363 3863 quoniam

270 3855 362 3918 nuda
397 3869 431 3918 et
477 3860 625 3922 absoluta
663 3861 706 3922 est
740 3859 1156 3926 omniurouuecidentium
1196 3858 1363 3947 operimen-

270 3951 317 4033 to:
342 3938 490 4036 'Omnia
529 3943 636 4004 enim·
656 3943 781 4030 forma,
827 3937 1022 4030 ethspeeiea
1060 3944 1098 4008 in
1129 3941 1275 4044 generali
1303 3940 1361 4003 tim·

270 4021 439 4119 placitata,
462 4045 527 4110 qua
550 4025 700 4102 subsistit,
724 4027 1199 4104 considerataeaccidenuum
1215 4019 1360 4093 ctmeurs¹¹

271 4123 411 4170 omnmo
434 4108 476 4170 est
498 4105 620 4174 libera:
642 4131 781 4198 corpora
802 4131 898 4190 vero,
923 4113 1045 4200 quibua
1061 4111 1215 4188 sublidit,
1239 4103 1358 4176 orauit!⁰
