<?xml version="1.0" encoding="UTF-8"?>
<!DOCTYPE html PUBLIC "-//W3C//DTD XHTML 1.0 Transitional//EN"
    "http://www.w3.org/TR/xhtml1/DTD/xhtml1-transitional.dtd">
<html xmlns="http://www.w3.org/1999/xhtml" xml:lang="en" lang="en">
 <head>
  <title>
</title>
<meta http-equiv="Content-Type" content="text/html;charset=utf-8" />
  <meta name='ocr-system' content='tesseract 3.04.00' />
  <meta name='ocr-capabilities' content='ocr_page ocr_carea ocr_par ocr_line ocrx_word'/>
</head>
<body>
  <div class='ocr_page' id='page_1' title='image "./johannisscotier00schlgoog_0416.png"; bbox 0 0 2856 4978; ppageno 0'>
   <div class='ocr_carea' id='block_1_1' title="bbox 381 222 1191 352">
    <p class='ocr_par' dir='ltr' id='par_1_1' title="bbox 381 222 1191 352">
     <span class='ocr_line' id='line_1_1' title="bbox 381 222 1191 352; baseline 0.007 -37"><span class='ocrx_word' id='word_1_1' title='bbox 381 222 805 321; x_wconf 44' lang='lat' dir='ltr'><strong>vunonem</strong></span> <span class='ocrx_word' id='word_1_2' title='bbox 910 335 915 346; x_wconf 25' lang='lat'><em>¹</em></span> <span class='ocrx_word' id='word_1_3' title='bbox 1068 231 1191 352; x_wconf 66' lang='grc' dir='ltr'><strong>ιιι,</strong></span> 
     </span>
    </p>
   </div>
   <div class='ocr_carea' id='block_1_2' title="bbox 53 403 1172 1256">
    <p class='ocr_par' dir='ltr' id='par_1_2' title="bbox 53 403 1172 1256">
     <span class='ocr_line' id='line_1_2' title="bbox 60 403 1145 493; baseline -0.002 -7"><span class='ocrx_word' id='word_1_4' title='bbox 60 419 140 486; x_wconf 85' lang='lat' dir='ltr'><strong>limul</strong></span> <span class='ocrx_word' id='word_1_5' title='bbox 165 431 221 482; x_wconf 82' lang='lat' dir='ltr'><strong>aut</strong></span> <span class='ocrx_word' id='word_1_6' title='bbox 246 436 326 480; x_wconf 84' lang='lat' dir='ltr'><strong>vera</strong></span> <span class='ocrx_word' id='word_1_7' title='bbox 345 415 440 482; x_wconf 78' lang='lat' dir='ltr'><strong>simul</strong></span> <span class='ocrx_word' id='word_1_8' title='bbox 462 414 616 481; x_wconf 85' lang='lat' dir='ltr'><strong>ellenon</strong></span> <span class='ocrx_word' id='word_1_9' title='bbox 663 416 744 493; x_wconf 78' lang='lat' dir='ltr'><strong>offe,</strong></span> <span class='ocrx_word' id='word_1_10' title='bbox 775 409 833 480; x_wconf 76' lang='lat' dir='ltr'><strong>red</strong></span> <span class='ocrx_word' id='word_1_11' title='bbox 853 415 878 480; x_wconf 85' lang='lat' dir='ltr'>fi</span> <span class='ocrx_word' id='word_1_12' title='bbox 898 403 1069 484; x_wconf 80' lang='lat' dir='ltr'><strong>untlmfit</strong></span> <span class='ocrx_word' id='word_1_13' title='bbox 1088 439 1145 484; x_wconf 82' lang='lat' dir='ltr'><strong>ve·</strong></span> 
     </span>
     <span class='ocr_line' id='line_1_3' title="bbox 58 439 1149 589; baseline 0 -21"><span class='ocrx_word' id='word_1_14' title='bbox 58 525 121 568; x_wconf 90' lang='lat' dir='ltr'><strong>rum</strong></span> <span class='ocrx_word' id='word_1_15' title='bbox 145 498 317 568; x_wconf 80' lang='lat' dir='ltr'><strong>necellario.</strong></span> <span class='ocrx_word' id='word_1_16' title='bbox 342 493 488 565; x_wconf 79' lang='lat' dir='ltr'><strong>&#39;alterum</strong></span> <span class='ocrx_word' id='word_1_17' title='bbox 510 498 574 564; x_wconf 86' lang='lat' dir='ltr'><strong>erit</strong></span> <span class='ocrx_word' id='word_1_18' title='bbox 594 439 723 566; x_wconf 73' lang='lat' dir='ltr'><strong>sallum.</strong></span> <span class='ocrx_word' id='word_1_19' title='bbox 765 496 865 564; x_wconf 80' lang='lat' dir='ltr'><strong>Verbi</strong></span> <span class='ocrx_word' id='word_1_20' title='bbox 886 499 1012 586; x_wconf 59' lang='lat' dir='ltr'><strong>gratia5</strong></span> <span class='ocrx_word' id='word_1_21' title='bbox 1042 501 1149 589; x_wconf 75' lang='lat' dir='ltr'><strong>fiqnia</strong></span> 
     </span>
     <span class='ocr_line' id='line_1_4' title="bbox 60 583 1172 673; baseline -0.001 -21"><span class='ocrx_word' id='word_1_22' title='bbox 60 585 164 652; x_wconf 80' lang='lat' dir='ltr'>dixerit</span> <span class='ocrx_word' id='word_1_23' title='bbox 191 587 320 650; x_wconf 89' lang='lat' dir='ltr'><strong>denno</strong></span> <span class='ocrx_word' id='word_1_24' title='bbox 343 587 550 670; x_wconf 82' lang='lat' dir='ltr'><strong>eodemque.</strong></span> <span class='ocrx_word' id='word_1_25' title='bbox 584 583 651 648; x_wconf 86' lang='lat' dir='ltr'><strong>hoc</strong></span> <span class='ocrx_word' id='word_1_26' title='bbox 672 583 795 649; x_wconf 82' lang='lat' dir='ltr'><strong>animal</strong></span> <span class='ocrx_word' id='word_1_27' title='bbox 817 603 921 668; x_wconf 82' lang='lat' dir='ltr'><strong>equur</strong></span> <span class='ocrx_word' id='word_1_28' title='bbox 944 585 1003 661; x_wconf 87' lang='lat' dir='ltr'><strong>est,</strong></span> <span class='ocrx_word' id='word_1_29' title='bbox 1037 595 1172 673; x_wconf 62' lang='lat' dir='ltr'><strong>equus*</strong></span> 
     </span>
     <span class='ocr_line' id='line_1_5' title="bbox 57 663 1144 756; baseline -0.002 -20"><span class='ocrx_word' id='word_1_30' title='bbox 57 692 116 736; x_wconf 86' lang='lat' dir='ltr'><strong>nou</strong></span> <span class='ocrx_word' id='word_1_31' title='bbox 140 667 198 745; x_wconf 75' lang='lat' dir='ltr'><strong>ell3</strong></span> <span class='ocrx_word' id='word_1_32' title='bbox 232 690 309 733; x_wconf 89' lang='lat' dir='ltr'><strong>cum</strong></span> <span class='ocrx_word' id='word_1_33' title='bbox 339 665 485 732; x_wconf 83' lang='lat' dir='ltr'><strong>videurio</strong></span> <span class='ocrx_word' id='word_1_34' title='bbox 513 667 649 750; x_wconf 73' lang='lat' dir='ltr'><strong>uller&#39;ere</strong></span> <span class='ocrx_word' id='word_1_35' title='bbox 678 663 939 733; x_wconf 88' lang='lat' dir='ltr'><strong>contradictoria</strong></span> <span class='ocrx_word' id='word_1_36' title='bbox 965 669 1144 756; x_wconf 85' lang='lat' dir='ltr'><strong>proloquia</strong></span> 
     </span>
     <span class='ocr_line' id='line_1_6' title="bbox 57 748 1144 838; baseline 0.003 -20"><span class='ocrx_word' id='word_1_37' title='bbox 57 775 123 818; x_wconf 85' lang='lat' dir='ltr'><strong>vera</strong></span> <span class='ocrx_word' id='word_1_38' title='bbox 146 753 235 816; x_wconf 88' lang='lat' dir='ltr'><strong>limul</strong></span> <span class='ocrx_word' id='word_1_39' title='bbox 262 751 325 815; x_wconf 81' lang='lat' dir='ltr'><strong>olle</strong></span> <span class='ocrx_word' id='word_1_40' title='bbox 345 752 436 838; x_wconf 85' lang='lat' dir='ltr'><strong>polle</strong></span> <span class='ocrx_word' id='word_1_41' title='bbox 454 750 494 815; x_wconf 90' lang='lat' dir='ltr'><strong>in</strong></span> <span class='ocrx_word' id='word_1_42' title='bbox 515 748 677 825; x_wconf 84' lang='lat' dir='ltr'><strong>hominc;</strong></span> <span class='ocrx_word' id='word_1_43' title='bbox 709 754 812 815; x_wconf 90' lang='lat' dir='ltr'><strong>homo</strong></span> <span class='ocrx_word' id='word_1_44' title='bbox 835 748 958 814; x_wconf 82' lang='lat' dir='ltr'><strong>animal</strong></span> <span class='ocrx_word' id='word_1_45' title='bbox 980 752 1041 829; x_wconf 81' lang='lat' dir='ltr'><strong>eil,</strong></span> <span class='ocrx_word' id='word_1_46' title='bbox 1071 773 1144 822; x_wconf 86' lang='lat' dir='ltr'><strong>non</strong></span> 
     </span>
     <span class='ocr_line' id='line_1_7' title="bbox 57 832 1143 914; baseline 0.002 -14"><span class='ocrx_word' id='word_1_47' title='bbox 57 838 92 900; x_wconf 84' lang='lat' dir='ltr'><strong>est</strong></span> <span class='ocrx_word' id='word_1_48' title='bbox 114 837 229 901; x_wconf 84' lang='lat' dir='ltr'><strong>animal</strong></span> <span class='ocrx_word' id='word_1_49' title='bbox 257 837 379 910; x_wconf 89' lang='lat' dir='ltr'><strong>homo;</strong></span> <span class='ocrx_word' id='word_1_50' title='bbox 413 850 448 899; x_wconf 81' lang='lat' dir='ltr'><strong>et</strong></span> <span class='ocrx_word' id='word_1_51' title='bbox 476 836 542 900; x_wconf 88' lang='lat' dir='ltr'><strong>hoc</strong></span> <span class='ocrx_word' id='word_1_52' title='bbox 571 832 769 898; x_wconf 77' lang='lat' dir='ltr'><strong>naturaliter</strong></span> <span class='ocrx_word' id='word_1_53' title='bbox 795 853 867 897; x_wconf 92' lang='lat' dir='ltr'><strong>non</strong></span> <span class='ocrx_word' id='word_1_54' title='bbox 890 834 952 898; x_wconf 83' lang='lat' dir='ltr'><strong>elle</strong></span> <span class='ocrx_word' id='word_1_55' title='bbox 974 835 1006 900; x_wconf 79' lang='lat' dir='ltr'><strong>ei</strong></span> <span class='ocrx_word' id='word_1_56' title='bbox 1029 832 1143 914; x_wconf 78' lang='lat' dir='ltr'><strong>doceo,</strong></span> 
     </span>
     <span class='ocr_line' id='line_1_8' title="bbox 56 915 1145 1002; baseline 0 -18"><span class='ocrx_word' id='word_1_57' title='bbox 56 922 149 984; x_wconf 87' lang='lat' dir='ltr'><strong>donec</strong></span> <span class='ocrx_word' id='word_1_58' title='bbox 177 935 267 984; x_wconf 84' lang='lat' dir='ltr'><strong>totua</strong></span> <span class='ocrx_word' id='word_1_59' title='bbox 296 935 472 984; x_wconf 83' lang='lat' dir='ltr'><strong>moveatur</strong></span> <span class='ocrx_word' id='word_1_60' title='bbox 499 915 652 985; x_wconf 74' lang='lat' dir='ltr'><strong>animalis</strong></span> <span class='ocrx_word' id='word_1_61' title='bbox 673 916 721 982; x_wconf 76' lang='lat' dir='ltr'><strong>in</strong></span> <span class='ocrx_word' id='word_1_62' title='bbox 752 915 967 1002; x_wconf 80' lang='lat' dir='ltr'><strong>spiritualem.</strong></span> <span class='ocrx_word' id='word_1_63' title='bbox 1009 920 1054 983; x_wconf 90' lang='lat' dir='ltr'><strong>Et</strong></span> <span class='ocrx_word' id='word_1_64' title='bbox 1084 941 1145 984; x_wconf 89' lang='lat' dir='ltr'><strong>cur</strong></span> 
     </span>
     <span class='ocr_line' id='line_1_9' title="bbox 54 999 1144 1077; baseline 0.003 -11"><span class='ocrx_word' id='word_1_65' title='bbox 54 1003 164 1068; x_wconf 86' lang='lat' dir='ltr'><strong>hocin</strong></span> <span class='ocrx_word' id='word_1_66' title='bbox 191 1001 330 1077; x_wconf 88' lang='lat' dir='ltr'><strong>homine</strong></span> <span class='ocrx_word' id='word_1_67' title='bbox 356 1003 451 1068; x_wconf 83' lang='lat' dir='ltr'><strong>lolo‘l</strong></span> <span class='ocrx_word' id='word_1_68' title='bbox 484 1005 523 1066; x_wconf 94' lang='lat' dir='ltr'><strong>ln</strong></span> <span class='ocrx_word' id='word_1_69' title='bbox 552 999 692 1066; x_wconf 76' lang='lat' dir='ltr'><strong>caeteris</strong></span> <span class='ocrx_word' id='word_1_70' title='bbox 721 1021 802 1066; x_wconf 80' lang='lat' dir='ltr'><strong>reto</strong></span> <span class='ocrx_word' id='word_1_71' title='bbox 824 999 1023 1068; x_wconf 76' lang='lat' dir='ltr'><strong>animalibus</strong></span> <span class='ocrx_word' id='word_1_72' title='bbox 1047 1005 1144 1069; x_wconf 86' lang='lat' dir='ltr'><strong>nullo</strong></span> 
     </span>
     <span class='ocr_line' id='line_1_10' title="bbox 54 1082 1144 1172; baseline 0.002 -22"><span class='ocrx_word' id='word_1_73' title='bbox 54 1089 156 1160; x_wconf 85' lang='lat' dir='ltr'><strong>modo,</strong></span> <span class='ocrx_word' id='word_1_74' title='bbox 188 1085 224 1150; x_wconf 90' lang='lat' dir='ltr'><strong>in</strong></span> <span class='ocrx_word' id='word_1_75' title='bbox 254 1085 375 1172; x_wconf 75' lang='lat' dir='ltr'><strong>quibus</strong></span> <span class='ocrx_word' id='word_1_76' title='bbox 404 1107 521 1150; x_wconf 84' lang='lat' dir='ltr'><strong>verum</strong></span> <span class='ocrx_word' id='word_1_77' title='bbox 553 1084 604 1148; x_wconf 39' lang='lat' dir='ltr'><strong>ests</strong></span> <span class='ocrx_word' id='word_1_78' title='bbox 619 1084 743 1148; x_wconf 88' lang='lat' dir='ltr'><strong>animal</strong></span> <span class='ocrx_word' id='word_1_79' title='bbox 765 1084 849 1159; x_wconf 85' lang='lat' dir='ltr'><strong>elle,</strong></span> <span class='ocrx_word' id='word_1_80' title='bbox 883 1082 1009 1148; x_wconf 73' lang='lat' dir='ltr'><strong>animal</strong></span> <span class='ocrx_word' id='word_1_81' title='bbox 1029 1103 1144 1152; x_wconf 86' lang='lat' dir='ltr'><strong>autem</strong></span> 
     </span>
     <span class='ocr_line' id='line_1_11' title="bbox 53 1166 1143 1256; baseline 0.003 -24"><span class='ocrx_word' id='word_1_82' title='bbox 53 1191 111 1234; x_wconf 91' lang='lat' dir='ltr'><strong>non</strong></span> <span class='ocrx_word' id='word_1_83' title='bbox 131 1169 189 1233; x_wconf 84' lang='lat' dir='ltr'><strong>elle</strong></span> <span class='ocrx_word' id='word_1_84' title='bbox 210 1169 352 1234; x_wconf 87' lang='lat' dir='ltr'><strong>omnino</strong></span> <span class='ocrx_word' id='word_1_85' title='bbox 373 1169 519 1234; x_wconf 71' lang='lat' dir='ltr'><strong>sollum·</strong></span> <span class='ocrx_word' id='word_1_86' title='bbox 544 1169 763 1233; x_wconf 75' lang='lat' dir='ltr'><strong>M..Putasne</strong></span> <span class='ocrx_word' id='word_1_87' title='bbox 785 1166 878 1232; x_wconf 87' lang='lat' dir='ltr'><strong>aliud</strong></span> <span class='ocrx_word' id='word_1_88' title='bbox 899 1167 1022 1233; x_wconf 79' lang='lat' dir='ltr'><strong>animal</strong></span> <span class='ocrx_word' id='word_1_89' title='bbox 1042 1191 1143 1256; x_wconf 81' lang='lat' dir='ltr'><strong>quum</strong></span> 
     </span>
    </p>
   </div>
   <div class='ocr_carea' id='block_1_3' title="bbox 52 1251 1252 1342">
    <p class='ocr_par' dir='ltr' id='par_1_3' title="bbox 52 1251 1252 1342">
     <span class='ocr_line' id='line_1_12' title="bbox 52 1251 1252 1342; baseline 0.003 -26"><span class='ocrx_word' id='word_1_90' title='bbox 52 1253 205 1318; x_wconf 87' lang='lat' dir='ltr'><strong>bominem</strong></span> <span class='ocrx_word' id='word_1_91' title='bbox 227 1257 269 1317; x_wconf 90' lang='lat' dir='ltr'><strong>ad</strong></span> <span class='ocrx_word' id='word_1_92' title='bbox 291 1252 358 1317; x_wconf 79' lang='lat' dir='ltr'><strong>ime</strong></span> <span class='ocrx_word' id='word_1_93' title='bbox 384 1253 474 1318; x_wconf 82' lang='lat' dir='ltr'><strong>‘nem</strong></span> <span class='ocrx_word' id='word_1_94' title='bbox 497 1251 561 1316; x_wconf 87' lang='lat' dir='ltr'><strong>Dei</strong></span> <span class='ocrx_word' id='word_1_95' title='bbox 582 1251 800 1316; x_wconf 76' lang='lat' dir='ltr'><strong>lactnmi=D.</strong></span> <span class='ocrx_word' id='word_1_96' title='bbox 823 1251 1054 1339; x_wconf 82' lang='lat' dir='ltr'><strong>Nequaquam.</strong></span> <span class='ocrx_word' id='word_1_97' title='bbox 1093 1256 1142 1318; x_wconf 88' lang='grc' dir='ltr'><strong>Μ.</strong></span> <span class='ocrx_word' id='word_1_98' title='bbox 1236 1285 1252 1342; x_wconf 54' lang='lat'><strong>-&#39;</strong></span> 
     </span>
    </p>
   </div>
   <div class='ocr_carea' id='block_1_4' title="bbox 52 1334 1188 1506">
    <p class='ocr_par' dir='ltr' id='par_1_4' title="bbox 52 1334 1188 1506">
     <span class='ocr_line' id='line_1_13' title="bbox 52 1334 1188 1425; baseline 0.003 -25"><span class='ocrx_word' id='word_1_99' title='bbox 52 1335 179 1422; x_wconf 79' lang='lat' dir='ltr'><strong>Negabis</strong></span> <span class='ocrx_word' id='word_1_100' title='bbox 207 1338 275 1401; x_wconf 87' lang='lat' dir='ltr'><strong>duo</strong></span> <span class='ocrx_word' id='word_1_101' title='bbox 305 1359 366 1422; x_wconf 88' lang='lat' dir='ltr'><strong>pro</strong></span> <span class='ocrx_word' id='word_1_102' title='bbox 381 1335 482 1425; x_wconf 80' lang='lat' dir='ltr'><strong>oquin</strong></span> <span class='ocrx_word' id='word_1_103' title='bbox 515 1334 646 1401; x_wconf 78' lang='lat' dir='ltr'><strong>tibimet</strong></span> <span class='ocrx_word' id='word_1_104' title='bbox 668 1350 702 1399; x_wconf 87' lang='lat' dir='ltr'><strong>et</strong></span> <span class='ocrx_word' id='word_1_105' title='bbox 723 1335 960 1412; x_wconf 86' lang='lat' dir='ltr'><strong>colluctantia,</strong></span> <span class='ocrx_word' id='word_1_106' title='bbox 998 1340 1079 1402; x_wconf 87' lang='lat' dir='ltr'><strong>dum</strong></span> <span class='ocrx_word' id='word_1_107' title='bbox 1101 1339 1144 1404; x_wconf 86' lang='lat' dir='ltr'><strong>de</strong></span> <span class='ocrx_word' id='word_1_108' title='bbox 1182 1349 1188 1358; x_wconf 87' lang='lat'>&#39;</span> 
     </span>
     <span class='ocr_line' id='line_1_14' title="bbox 52 1419 1142 1506; baseline 0.003 -23"><span class='ocrx_word' id='word_1_109' title='bbox 52 1423 113 1484; x_wconf 84' lang='lat' dir='ltr'><strong>Deo</strong></span> <span class='ocrx_word' id='word_1_110' title='bbox 138 1419 391 1506; x_wconf 82' lang='lat' dir='ltr'><strong>praedicantur,</strong></span> <span class='ocrx_word' id='word_1_111' title='bbox 425 1443 504 1485; x_wconf 82' lang='lat' dir='ltr'><strong>vera</strong></span> <span class='ocrx_word' id='word_1_112' title='bbox 528 1420 625 1485; x_wconf 77' lang='lat' dir='ltr'><strong>simul</strong></span> <span class='ocrx_word' id='word_1_113' title='bbox 653 1420 716 1484; x_wconf 82' lang='lat' dir='ltr'><strong>elle</strong></span> <span class='ocrx_word' id='word_1_114' title='bbox 741 1435 775 1483; x_wconf 88' lang='lat' dir='ltr'><strong>et</strong></span> <span class='ocrx_word' id='word_1_115' title='bbox 796 1420 891 1485; x_wconf 86' lang='lat' dir='ltr'><strong>nullo</strong></span> <span class='ocrx_word' id='word_1_116' title='bbox 914 1423 1016 1486; x_wconf 89' lang='lat' dir='ltr'><strong>modo</strong></span> <span class='ocrx_word' id='word_1_117' title='bbox 1038 1421 1142 1486; x_wconf 73' lang='lat' dir='ltr'><strong>falsa?</strong></span> 
     </span>
    </p>
   </div>
   <div class='ocr_carea' id='block_1_5' title="bbox 51 1502 1310 1601">
    <p class='ocr_par' dir='ltr' id='par_1_5' title="bbox 51 1502 1310 1601">
     <span class='ocr_line' id='line_1_15' title="bbox 51 1502 1310 1601; baseline 0.003 -35"><span class='ocrx_word' id='word_1_118' title='bbox 51 1515 220 1601; x_wconf 69' lang='lat' dir='ltr'><strong>quanquam</strong></span> <span class='ocrx_word' id='word_1_119' title='bbox 241 1507 342 1569; x_wconf 78' lang='lat' dir='ltr'><strong>umbo</strong></span> <span class='ocrx_word' id='word_1_120' title='bbox 364 1505 513 1582; x_wconf 76' lang='lat' dir='ltr'><strong>ejusdem</strong></span> <span class='ocrx_word' id='word_1_121' title='bbox 535 1502 671 1567; x_wconf 77' lang='lat' dir='ltr'><strong>virtutis</strong></span> <span class='ocrx_word' id='word_1_122' title='bbox 692 1523 762 1567; x_wconf 89' lang='lat' dir='ltr'><strong>non</strong></span> <span class='ocrx_word' id='word_1_123' title='bbox 778 1503 853 1578; x_wconf 86' lang='lat' dir='ltr'><strong>lint,</strong></span> <span class='ocrx_word' id='word_1_124' title='bbox 875 1517 1024 1591; x_wconf 82' lang='lat' dir='ltr'><strong>utputa:</strong></span> <span class='ocrx_word' id='word_1_125' title='bbox 1048 1508 1143 1570; x_wconf 78' lang='lat' dir='ltr'><strong>Deua</strong></span> <span class='ocrx_word' id='word_1_126' title='bbox 1275 1529 1310 1562; x_wconf 59' lang='lat' dir='ltr'><em>s</em></span> 
     </span>
    </p>
   </div>
   <div class='ocr_carea' id='block_1_6' title="bbox 49 1585 1221 2097">
    <p class='ocr_par' dir='ltr' id='par_1_6' title="bbox 49 1585 1221 2097">
     <span class='ocr_line' id='line_1_16' title="bbox 51 1585 1221 1672; baseline 0.004 -24"><span class='ocrx_word' id='word_1_127' title='bbox 51 1603 155 1652; x_wconf 76' lang='lat' dir='ltr'><strong>rentur</strong></span> <span class='ocrx_word' id='word_1_128' title='bbox 175 1587 240 1663; x_wconf 83' lang='lat' dir='ltr'><strong>est,</strong></span> <span class='ocrx_word' id='word_1_129' title='bbox 267 1591 360 1651; x_wconf 79' lang='lat' dir='ltr'><strong>Deua</strong></span> <span class='ocrx_word' id='word_1_130' title='bbox 382 1585 505 1650; x_wconf 79' lang='lat' dir='ltr'><strong>veritae</strong></span> <span class='ocrx_word' id='word_1_131' title='bbox 525 1607 597 1650; x_wconf 88' lang='lat' dir='ltr'><strong>non</strong></span> <span class='ocrx_word' id='word_1_132' title='bbox 619 1587 673 1650; x_wconf 87' lang='lat' dir='ltr'><strong>est.</strong></span> <span class='ocrx_word' id='word_1_133' title='bbox 717 1590 760 1649; x_wconf 88' lang='lat' dir='ltr'><strong>D.</strong></span> <span class='ocrx_word' id='word_1_134' title='bbox 783 1589 913 1672; x_wconf 83' lang='lat' dir='ltr'><strong>Negare</strong></span> <span class='ocrx_word' id='word_1_135' title='bbox 933 1607 1006 1652; x_wconf 89' lang='lat' dir='ltr'><strong>non</strong></span> <span class='ocrx_word' id='word_1_136' title='bbox 1029 1588 1142 1666; x_wconf 85' lang='lat' dir='ltr'><strong>aulim,</strong></span> <span class='ocrx_word' id='word_1_137' title='bbox 1218 1599 1221 1612; x_wconf 79' lang='grc'><em>“</em></span> 
     </span>
     <span class='ocr_line' id='line_1_17' title="bbox 52 1667 1142 1756; baseline 0.003 -23"><span class='ocrx_word' id='word_1_138' title='bbox 52 1671 118 1734; x_wconf 89' lang='lat' dir='ltr'><strong>dum</strong></span> <span class='ocrx_word' id='word_1_139' title='bbox 136 1669 204 1756; x_wconf 78' lang='lat' dir='ltr'><strong>ipse</strong></span> <span class='ocrx_word' id='word_1_140' title='bbox 225 1674 268 1736; x_wconf 88' lang='lat' dir='ltr'><strong>de</strong></span> <span class='ocrx_word' id='word_1_141' title='bbox 290 1669 396 1756; x_wconf 81' lang='lat' dir='ltr'><strong>seipso</strong></span> <span class='ocrx_word' id='word_1_142' title='bbox 420 1667 519 1742; x_wconf 86' lang='lat' dir='ltr'><strong>dicit,</strong></span> <span class='ocrx_word' id='word_1_143' title='bbox 544 1673 620 1750; x_wconf 80' lang='lat' dir='ltr'><strong>Ego</strong></span> <span class='ocrx_word' id='word_1_144' title='bbox 632 1669 711 1755; x_wconf 78' lang='lat' dir='ltr'><strong>sum</strong></span> <span class='ocrx_word' id='word_1_145' title='bbox 731 1672 810 1742; x_wconf 84' lang='lat' dir='ltr'><strong>via,</strong></span> <span class='ocrx_word' id='word_1_146' title='bbox 832 1675 977 1744; x_wconf 71' lang='lat' dir='ltr'><strong>veritas,</strong></span> <span class='ocrx_word' id='word_1_147' title='bbox 1001 1683 1036 1734; x_wconf 80' lang='lat' dir='ltr'><strong>et</strong></span> <span class='ocrx_word' id='word_1_148' title='bbox 1054 1675 1142 1752; x_wconf 72' lang='lat' dir='ltr'><strong>vitu.</strong></span> 
     </span>
     <span class='ocr_line' id='line_1_18' title="bbox 52 1751 1143 1839; baseline 0.004 -23"><span class='ocrx_word' id='word_1_149' title='bbox 52 1753 174 1819; x_wconf 75' lang='lat' dir='ltr'><strong>Sanctus</strong></span> <span class='ocrx_word' id='word_1_150' title='bbox 206 1769 319 1818; x_wconf 84' lang='lat' dir='ltr'><strong>autem</strong></span> <span class='ocrx_word' id='word_1_151' title='bbox 341 1751 542 1839; x_wconf 79' lang='lat' dir='ltr'><strong>Areopagita</strong></span> <span class='ocrx_word' id='word_1_152' title='bbox 563 1752 744 1836; x_wconf 81' lang='lat' dir='ltr'><strong>Dionyliue</strong></span> <span class='ocrx_word' id='word_1_153' title='bbox 765 1752 802 1817; x_wconf 87' lang='lat' dir='ltr'><strong>in</strong></span> <span class='ocrx_word' id='word_1_154' title='bbox 822 1753 1014 1834; x_wconf 78' lang='lat' dir='ltr'><strong>symbolica</strong></span> <span class='ocrx_word' id='word_1_155' title='bbox 1030 1757 1143 1820; x_wconf 87' lang='lat' dir='ltr'><strong>Theo·</strong></span> 
     </span>
     <span class='ocr_line' id='line_1_19' title="bbox 51 1835 1141 1933; baseline 0.007 -35"><span class='ocrx_word' id='word_1_156' title='bbox 51 1837 124 1922; x_wconf 83' lang='lat' dir='ltr'><strong>logia</strong></span> <span class='ocrx_word' id='word_1_157' title='bbox 144 1837 295 1902; x_wconf 56' lang='lat' dir='ltr'><strong>Dictum:</strong></span> <span class='ocrx_word' id='word_1_158' title='bbox 328 1837 434 1933; x_wconf 59' lang='lat' dir='ltr'><strong>⁸(litio</strong></span> <span class='ocrx_word' id='word_1_159' title='bbox 454 1840 507 1899; x_wconf 82' lang='lat' dir='ltr'><strong>ait</strong></span> <span class='ocrx_word' id='word_1_160' title='bbox 527 1859 629 1922; x_wconf 80' lang='lat' dir='ltr'><strong>neque</strong></span> <span class='ocrx_word' id='word_1_161' title='bbox 648 1841 777 1900; x_wconf 83' lang='lat' dir='ltr'><strong>veritas</strong></span> <span class='ocrx_word' id='word_1_162' title='bbox 798 1835 846 1924; x_wconf 83' lang='lat' dir='ltr'><strong>est</strong></span> <span class='ocrx_word' id='word_1_163' title='bbox 864 1859 966 1921; x_wconf 76' lang='lat' dir='ltr'><strong>neque</strong></span> <span class='ocrx_word' id='word_1_164' title='bbox 983 1840 1060 1902; x_wconf 80' lang='lat' dir='ltr'><strong>vita</strong></span> <span class='ocrx_word' id='word_1_165' title='bbox 1081 1837 1141 1928; x_wconf 75' lang='lat' dir='ltr'><strong>est·</strong></span> 
     </span>
     <span class='ocr_line' id='line_1_20' title="bbox 50 1917 1142 2009; baseline 0.003 -25"><span class='ocrx_word' id='word_1_166' title='bbox 50 1925 99 1984; x_wconf 78' lang='lat' dir='ltr'><strong>Ait</strong></span> <span class='ocrx_word' id='word_1_167' title='bbox 117 1924 212 1996; x_wconf 66' lang='lat' dir='ltr'><strong>atim,</strong></span> <span class='ocrx_word' id='word_1_168' title='bbox 232 1945 334 2006; x_wconf 79' lang='lat' dir='ltr'><strong>nequa</strong></span> <span class='ocrx_word' id='word_1_169' title='bbox 354 1925 465 1986; x_wconf 83' lang='lat' dir='ltr'><strong>virtus</strong></span> <span class='ocrx_word' id='word_1_170' title='bbox 477 1917 543 2009; x_wconf 81' lang='lat' dir='ltr'><strong>est.</strong></span> <span class='ocrx_word' id='word_1_171' title='bbox 564 1942 665 2006; x_wconf 82' lang='lat' dir='ltr'><strong>neque</strong></span> <span class='ocrx_word' id='word_1_172' title='bbox 677 1923 752 1997; x_wconf 78' lang='lat' dir='ltr'><strong>lux,</strong></span> <span class='ocrx_word' id='word_1_173' title='bbox 773 1943 875 2006; x_wconf 83' lang='lat' dir='ltr'><strong>neque</strong></span> <span class='ocrx_word' id='word_1_174' title='bbox 891 1925 990 1998; x_wconf 57' lang='lat' dir='ltr'><strong>vitm·</strong></span> <span class='ocrx_word' id='word_1_175' title='bbox 1011 1937 1045 1986; x_wconf 89' lang='lat' dir='ltr'><strong>et</strong></span> <span class='ocrx_word' id='word_1_176' title='bbox 1061 1945 1142 2008; x_wconf 80' lang='lat' dir='ltr'><strong>pau·</strong></span> 
     </span>
     <span class='ocr_line' id='line_1_21' title="bbox 49 2000 1141 2097; baseline 0.005 -33"><span class='ocrx_word' id='word_1_177' title='bbox 49 2004 173 2089; x_wconf 79' lang='lat' dir='ltr'><strong>lupuli,</strong></span> <span class='ocrx_word' id='word_1_178' title='bbox 194 2000 457 2097; x_wconf 79' lang='lat' dir='ltr'><strong>nequescientia</strong></span> <span class='ocrx_word' id='word_1_179' title='bbox 479 2003 541 2090; x_wconf 86' lang='grc' dir='ltr'><strong>ιβ,</strong></span> <span class='ocrx_word' id='word_1_180' title='bbox 566 2027 665 2088; x_wconf 80' lang='lat' dir='ltr'><strong>nequa</strong></span> <span class='ocrx_word' id='word_1_181' title='bbox 685 2007 813 2069; x_wconf 72' lang='lat' dir='ltr'><strong>veritas</strong></span> <span class='ocrx_word' id='word_1_182' title='bbox 828 2001 886 2094; x_wconf 87' lang='grc' dir='ltr'><strong>ιβ.</strong></span> <span class='ocrx_word' id='word_1_183' title='bbox 922 2007 972 2073; x_wconf 87' lang='lat' dir='ltr'><strong>M.</strong></span> <span class='ocrx_word' id='word_1_184' title='bbox 987 2004 1141 2071; x_wconf 81' lang='lat' dir='ltr'><strong>Fortaffio</strong></span> 
     </span>
    </p>
   </div>
   <div class='ocr_carea' id='block_1_7' title="bbox 49 2086 1271 2175">
    <p class='ocr_par' dir='ltr' id='par_1_7' title="bbox 49 2086 1271 2175">
     <span class='ocr_line' id='line_1_22' title="bbox 49 2086 1271 2175; baseline 0.007 -28"><span class='ocrx_word' id='word_1_185' title='bbox 49 2086 206 2169; x_wconf 81' lang='lat' dir='ltr'><strong>Dionyfiue</strong></span> <span class='ocrx_word' id='word_1_186' title='bbox 228 2088 433 2154; x_wconf 88' lang='lat' dir='ltr'><strong>contradicit</strong></span> <span class='ocrx_word' id='word_1_187' title='bbox 456 2088 604 2161; x_wconf 85' lang='lat' dir='ltr'><strong>Christo,</strong></span> <span class='ocrx_word' id='word_1_188' title='bbox 628 2087 687 2173; x_wconf 90' lang='lat' dir='ltr'><strong>qui</strong></span> <span class='ocrx_word' id='word_1_189' title='bbox 711 2090 752 2152; x_wconf 88' lang='lat' dir='ltr'><strong>de</strong></span> <span class='ocrx_word' id='word_1_190' title='bbox 773 2088 879 2175; x_wconf 78' lang='lat' dir='ltr'><strong>seipso</strong></span> <span class='ocrx_word' id='word_1_191' title='bbox 899 2090 1072 2175; x_wconf 83' lang='lat' dir='ltr'><strong>praedicat</strong></span> <span class='ocrx_word' id='word_1_192' title='bbox 1095 2092 1142 2156; x_wconf 84' lang='lat' dir='ltr'><strong>se·</strong></span> <span class='ocrx_word' id='word_1_193' title='bbox 1265 2099 1271 2110; x_wconf 87' lang='lat'><em>&#39;</em></span> 
     </span>
    </p>
   </div>
   <div class='ocr_carea' id='block_1_8' title="bbox 46 2167 1156 2760">
    <p class='ocr_par' dir='ltr' id='par_1_8' title="bbox 46 2167 1156 2760">
     <span class='ocr_line' id='line_1_23' title="bbox 49 2167 1142 2260; baseline 0.008 -29"><span class='ocrx_word' id='word_1_194' title='bbox 49 2167 139 2254; x_wconf 79' lang='lat' dir='ltr'><strong>iplnm</strong></span> <span class='ocrx_word' id='word_1_195' title='bbox 161 2173 338 2238; x_wconf 81' lang='lat' dir='ltr'><strong>veritatem</strong></span> <span class='ocrx_word' id='word_1_196' title='bbox 361 2173 433 2236; x_wconf 82' lang='lat' dir='ltr'><strong>elle.</strong></span> <span class='ocrx_word' id='word_1_197' title='bbox 478 2176 520 2235; x_wconf 89' lang='lat' dir='ltr'><strong>D.</strong></span> <span class='ocrx_word' id='word_1_198' title='bbox 542 2173 642 2236; x_wconf 83' lang='lat' dir='ltr'><strong>Abiit.</strong></span> <span class='ocrx_word' id='word_1_199' title='bbox 685 2174 734 2235; x_wconf 86' lang='lat' dir='ltr'><strong>Nl.</strong></span> <span class='ocrx_word' id='word_1_200' title='bbox 755 2173 943 2259; x_wconf 87' lang='lat' dir='ltr'><strong>Utrumque</strong></span> <span class='ocrx_word' id='word_1_201' title='bbox 959 2173 1064 2260; x_wconf 89' lang='lat' dir='ltr'><strong>igitur</strong></span> <span class='ocrx_word' id='word_1_202' title='bbox 1084 2177 1142 2240; x_wconf 85' lang='lat' dir='ltr'><strong>v&#39;c·</strong></span> 
     </span>
     <span class='ocr_line' id='line_1_24' title="bbox 47 2253 1140 2334; baseline 0.004 -16"><span class='ocrx_word' id='word_1_203' title='bbox 47 2275 108 2318; x_wconf 84' lang='lat' dir='ltr'><strong>tom</strong></span> <span class='ocrx_word' id='word_1_204' title='bbox 127 2257 183 2334; x_wconf 86' lang='lat' dir='ltr'><strong>ell,</strong></span> <span class='ocrx_word' id='word_1_205' title='bbox 206 2261 300 2322; x_wconf 80' lang='lat' dir='ltr'><strong>Deus</strong></span> <span class='ocrx_word' id='word_1_206' title='bbox 322 2255 445 2320; x_wconf 83' lang='lat' dir='ltr'><strong>veritas</strong></span> <span class='ocrx_word' id='word_1_207' title='bbox 471 2255 533 2329; x_wconf 87' lang='lat' dir='ltr'><strong>est,</strong></span> <span class='ocrx_word' id='word_1_208' title='bbox 555 2259 649 2320; x_wconf 76' lang='lat' dir='ltr'><strong>Deus</strong></span> <span class='ocrx_word' id='word_1_209' title='bbox 670 2253 794 2320; x_wconf 78' lang='lat' dir='ltr'><strong>veritae</strong></span> <span class='ocrx_word' id='word_1_210' title='bbox 814 2278 885 2322; x_wconf 90' lang='lat' dir='ltr'><strong>non</strong></span> <span class='ocrx_word' id='word_1_211' title='bbox 909 2256 962 2320; x_wconf 81' lang='lat' dir='ltr'><strong>eil.</strong></span> <span class='ocrx_word' id='word_1_212' title='bbox 1000 2260 1042 2320; x_wconf 89' lang='lat' dir='ltr'><strong>D.</strong></span> <span class='ocrx_word' id='word_1_213' title='bbox 1060 2259 1140 2322; x_wconf 93' lang='lat' dir='ltr'><strong>Non</strong></span> 
     </span>
     <span class='ocr_line' id='line_1_25' title="bbox 47 2335 1142 2426; baseline 0.009 -28"><span class='ocrx_word' id='word_1_214' title='bbox 47 2335 135 2402; x_wconf 83' lang='lat' dir='ltr'><strong>solnm</strong></span> <span class='ocrx_word' id='word_1_215' title='bbox 160 2363 278 2404; x_wconf 86' lang='lat' dir='ltr'><strong>verum</strong></span> <span class='ocrx_word' id='word_1_216' title='bbox 310 2340 371 2412; x_wconf 85' lang='lat' dir='ltr'><strong>cll,</strong></span> <span class='ocrx_word' id='word_1_217' title='bbox 406 2338 587 2404; x_wconf 86' lang='lat' dir='ltr'><strong>sedetiam</strong></span> <span class='ocrx_word' id='word_1_218' title='bbox 607 2335 822 2404; x_wconf 84' lang='lat' dir='ltr'><strong>veriffimnm.</strong></span> <span class='ocrx_word' id='word_1_219' title='bbox 867 2341 981 2404; x_wconf 89' lang='lat' dir='ltr'><strong>Unum</strong></span> <span class='ocrx_word' id='word_1_220' title='bbox 1002 2339 1142 2426; x_wconf 79' lang='lat' dir='ltr'><strong>quidem</strong></span> 
     </span>
     <span class='ocr_line' id='line_1_26' title="bbox 49 2419 1140 2518; baseline 0.006 -36"><span class='ocrx_word' id='word_1_221' title='bbox 49 2419 157 2488; x_wconf 86' lang='lat' dir='ltr'><strong>dictum</strong></span> <span class='ocrx_word' id='word_1_222' title='bbox 178 2425 238 2499; x_wconf 84' lang='lat' dir='ltr'><strong>ell;</strong></span> <span class='ocrx_word' id='word_1_223' title='bbox 262 2424 319 2488; x_wconf 82' lang='lat' dir='ltr'><strong>led</strong></span> <span class='ocrx_word' id='word_1_224' title='bbox 340 2423 376 2488; x_wconf 91' lang='lat' dir='ltr'><strong>in</strong></span> <span class='ocrx_word' id='word_1_225' title='bbox 400 2421 621 2488; x_wconf 83' lang='lat' dir='ltr'><strong>affirmatione</strong></span> <span class='ocrx_word' id='word_1_226' title='bbox 637 2444 696 2506; x_wconf 88' lang='lat' dir='ltr'><strong>per</strong></span> <span class='ocrx_word' id='word_1_227' title='bbox 712 2426 954 2518; x_wconf 64' lang='lat' dir='ltr'><strong>metaphoram,</strong></span> <span class='ocrx_word' id='word_1_228' title='bbox 977 2424 1140 2508; x_wconf 82' lang='lat' dir='ltr'><strong>quoniam</strong></span> 
     </span>
     <span class='ocr_line' id='line_1_27' title="bbox 49 2500 1153 2600; baseline 0.006 -36"><span class='ocrx_word' id='word_1_229' title='bbox 49 2500 106 2600; x_wconf 78' lang='lat' dir='ltr'><strong>iple</strong></span> <span class='ocrx_word' id='word_1_230' title='bbox 130 2508 302 2582; x_wconf 88' lang='lat' dir='ltr'><strong>conditor,</strong></span> <span class='ocrx_word' id='word_1_231' title='bbox 331 2521 365 2570; x_wconf 89' lang='lat' dir='ltr'><strong>et</strong></span> <span class='ocrx_word' id='word_1_232' title='bbox 386 2504 727 2590; x_wconf 70' lang='lat' dir='ltr'><strong>canlq.primordialie</strong></span> <span class='ocrx_word' id='word_1_233' title='bbox 750 2504 922 2578; x_wconf 69' lang='lat' dir='ltr'><strong>veritatis,</strong></span> <span class='ocrx_word' id='word_1_234' title='bbox 951 2511 1046 2586; x_wconf 74' lang='lat' dir='ltr'><strong>cujus</strong></span> <span class='ocrx_word' id='word_1_235' title='bbox 1068 2529 1153 2596; x_wconf 80' lang='lat' dir='ltr'><strong>pnr-¹</strong></span> 
     </span>
     <span class='ocr_line' id='line_1_28' title="bbox 49 2587 1141 2675; baseline 0.005 -27"><span class='ocrx_word' id='word_1_236' title='bbox 49 2587 226 2675; x_wconf 79' lang='lat' dir='ltr'><strong>ncipatione</strong></span> <span class='ocrx_word' id='word_1_237' title='bbox 249 2593 328 2654; x_wconf 75' lang='lat' dir='ltr'><strong>uera</strong></span> <span class='ocrx_word' id='word_1_238' title='bbox 350 2591 428 2653; x_wconf 86' lang='lat' dir='ltr'><strong>lunt</strong></span> <span class='ocrx_word' id='word_1_239' title='bbox 450 2595 672 2674; x_wconf 78' lang='lat' dir='ltr'><strong>quaecunque</strong></span> <span class='ocrx_word' id='word_1_240' title='bbox 697 2610 774 2650; x_wconf 84' lang='lat' dir='ltr'><strong>vera</strong></span> <span class='ocrx_word' id='word_1_241' title='bbox 797 2588 879 2651; x_wconf 83' lang='lat' dir='ltr'><strong>sunt·</strong></span> <span class='ocrx_word' id='word_1_242' title='bbox 896 2587 1020 2652; x_wconf 88' lang='lat' dir='ltr'><strong>omnia.</strong></span> <span class='ocrx_word' id='word_1_243' title='bbox 1051 2591 1141 2654; x_wconf 79' lang='lat' dir='ltr'><strong>Alte·</strong></span> 
     </span>
     <span class='ocr_line' id='line_1_29' title="bbox 46 2671 1156 2760; baseline 0.005 -28"><span class='ocrx_word' id='word_1_244' title='bbox 46 2689 233 2739; x_wconf 80' lang='lat' dir='ltr'><strong>tumentem</strong></span> <span class='ocrx_word' id='word_1_245' title='bbox 256 2696 317 2760; x_wconf 87' lang='lat' dir='ltr'><strong>per</strong></span> <span class='ocrx_word' id='word_1_246' title='bbox 337 2671 576 2756; x_wconf 85' lang='lat' dir='ltr'><strong>negationem,</strong></span> <span class='ocrx_word' id='word_1_247' title='bbox 603 2693 688 2756; x_wconf 88' lang='lat' dir='ltr'><strong>quae</strong></span> <span class='ocrx_word' id='word_1_248' title='bbox 711 2671 756 2735; x_wconf 86' lang='lat' dir='ltr'><strong>ell</strong></span> <span class='ocrx_word' id='word_1_249' title='bbox 776 2671 962 2736; x_wconf 82' lang='lat' dir='ltr'><strong>secundum</strong></span> <span class='ocrx_word' id='word_1_250' title='bbox 977 2671 1156 2738; x_wconf 74' lang='lat' dir='ltr'><strong>excellen·&#39;</strong></span> 
     </span>
    </p>
   </div>
   <div class='ocr_carea' id='block_1_9' title="bbox 48 2739 1337 2848">
    <p class='ocr_par' dir='ltr' id='par_1_9' title="bbox 48 2739 1337 2848">
     <span class='ocr_line' id='line_1_30' title="bbox 48 2739 1337 2848; baseline 0.002 -33"><span class='ocrx_word' id='word_1_251' title='bbox 48 2751 128 2830; x_wconf 84' lang='lat' dir='ltr'><strong>tiam,</strong></span> <span class='ocrx_word' id='word_1_252' title='bbox 157 2758 234 2844; x_wconf 90' lang='lat' dir='ltr'><strong>quia</strong></span> <span class='ocrx_word' id='word_1_253' title='bbox 265 2759 343 2843; x_wconf 87' lang='lat' dir='ltr'><strong>pluo</strong></span> <span class='ocrx_word' id='word_1_254' title='bbox 375 2756 419 2818; x_wconf 87' lang='lat' dir='ltr'><strong>est</strong></span> <span class='ocrx_word' id='word_1_255' title='bbox 440 2777 540 2843; x_wconf 87' lang='lat' dir='ltr'><strong>quam</strong></span> <span class='ocrx_word' id='word_1_256' title='bbox 562 2755 702 2820; x_wconf 71' lang='lat' dir='ltr'><strong>veritas:</strong></span> <span class='ocrx_word' id='word_1_257' title='bbox 740 2773 778 2818; x_wconf 84' lang='lat' dir='ltr'><strong>ac</strong></span> <span class='ocrx_word' id='word_1_258' title='bbox 797 2777 857 2839; x_wconf 91' lang='lat' dir='ltr'><strong>per</strong></span> <span class='ocrx_word' id='word_1_259' title='bbox 878 2757 945 2831; x_wconf 87' lang='lat' dir='ltr'><strong>hoc</strong></span> <span class='ocrx_word' id='word_1_260' title='bbox 967 2767 1001 2818; x_wconf 79' lang='lat' dir='ltr'><strong>et</strong></span> <span class='ocrx_word' id='word_1_261' title='bbox 1020 2777 1139 2825; x_wconf 82' lang='lat' dir='ltr'><strong>verum</strong></span> <span class='ocrx_word' id='word_1_262' title='bbox 1205 2776 1210 2800; x_wconf 60' lang='lat' dir='ltr'><strong>t</strong></span> <span class='ocrx_word' id='word_1_263' title='bbox 1288 2739 1293 2748; x_wconf 47' lang='lat'><strong>¹</strong></span> <span class='ocrx_word' id='word_1_264' title='bbox 1332 2831 1337 2848; x_wconf 85' lang='lat'><strong>.</strong></span> 
     </span>
    </p>
   </div>
   <div class='ocr_carea' id='block_1_10' title="bbox 45 2836 1224 3256">
    <p class='ocr_par' dir='ltr' id='par_1_10' title="bbox 45 2836 1224 3256">
     <span class='ocr_line' id='line_1_31' title="bbox 47 2836 1140 2921; baseline 0.005 -23"><span class='ocrx_word' id='word_1_265' title='bbox 47 2836 96 2910; x_wconf 81' lang='lat' dir='ltr'><strong>eli,</strong></span> <span class='ocrx_word' id='word_1_266' title='bbox 115 2843 201 2905; x_wconf 78' lang='lat' dir='ltr'><strong>Deua</strong></span> <span class='ocrx_word' id='word_1_267' title='bbox 223 2840 349 2906; x_wconf 79' lang='lat' dir='ltr'><strong>veritae</strong></span> <span class='ocrx_word' id='word_1_268' title='bbox 369 2839 434 2911; x_wconf 84' lang='lat' dir='ltr'><strong>est,</strong></span> <span class='ocrx_word' id='word_1_269' title='bbox 458 2843 538 2902; x_wconf 90' lang='lat' dir='ltr'><strong>dum</strong></span> <span class='ocrx_word' id='word_1_270' title='bbox 559 2838 597 2902; x_wconf 87' lang='lat' dir='ltr'><strong>fit</strong></span> <span class='ocrx_word' id='word_1_271' title='bbox 619 2857 776 2902; x_wconf 83' lang='lat' dir='ltr'><strong>verorum</strong></span> <span class='ocrx_word' id='word_1_272' title='bbox 798 2836 952 2902; x_wconf 87' lang='lat' dir='ltr'><strong>omnium</strong></span> <span class='ocrx_word' id='word_1_273' title='bbox 966 2839 1082 2921; x_wconf 80' lang='lat' dir='ltr'><strong>caula3</strong></span> <span class='ocrx_word' id='word_1_274' title='bbox 1105 2855 1140 2904; x_wconf 87' lang='lat' dir='ltr'><strong>et</strong></span> 
     </span>
     <span class='ocr_line' id='line_1_32' title="bbox 46 2920 1177 3008; baseline 0.005 -24"><span class='ocrx_word' id='word_1_275' title='bbox 46 2924 146 2987; x_wconf 62' lang='lat' dir='ltr'><strong>inum</strong></span> <span class='ocrx_word' id='word_1_276' title='bbox 166 2925 224 3001; x_wconf 79' lang='lat' dir='ltr'><strong>eli,</strong></span> <span class='ocrx_word' id='word_1_277' title='bbox 253 2926 346 2987; x_wconf 76' lang='lat' dir='ltr'><strong>Deus</strong></span> <span class='ocrx_word' id='word_1_278' title='bbox 367 2920 490 2985; x_wconf 82' lang='lat' dir='ltr'><strong>veritae</strong></span> <span class='ocrx_word' id='word_1_279' title='bbox 511 2920 662 2995; x_wconf 89' lang='lat' dir='ltr'><strong>nonest,</strong></span> <span class='ocrx_word' id='word_1_280' title='bbox 687 2920 765 3006; x_wconf 81' lang='lat' dir='ltr'><strong>quia</strong></span> <span class='ocrx_word' id='word_1_281' title='bbox 782 2920 915 3007; x_wconf 86' lang='lat' dir='ltr'><strong>superat</strong></span> <span class='ocrx_word' id='word_1_282' title='bbox 931 2941 1032 2986; x_wconf 86' lang='lat' dir='ltr'><strong>omne</strong></span> <span class='ocrx_word' id='word_1_283' title='bbox 1047 2925 1141 3008; x_wconf 86' lang='lat' dir='ltr'><strong>quod</strong></span> <span class='ocrx_word' id='word_1_284' title='bbox 1174 2929 1177 2934; x_wconf 67' lang='grc'>“</span> 
     </span>
     <span class='ocr_line' id='line_1_33' title="bbox 47 3001 1140 3092; baseline 0.009 -29"><span class='ocrx_word' id='word_1_285' title='bbox 47 3001 172 3084; x_wconf 88' lang='lat' dir='ltr'><strong>dicitur,</strong></span> <span class='ocrx_word' id='word_1_286' title='bbox 194 3025 229 3072; x_wconf 90' lang='lat' dir='ltr'><strong>et</strong></span> <span class='ocrx_word' id='word_1_287' title='bbox 250 3005 472 3092; x_wconf 78' lang='lat' dir='ltr'><strong>intelligitur,</strong></span> <span class='ocrx_word' id='word_1_288' title='bbox 495 3021 531 3069; x_wconf 88' lang='lat' dir='ltr'><strong>et</strong></span> <span class='ocrx_word' id='word_1_289' title='bbox 554 3004 607 3067; x_wconf 77' lang='lat' dir='ltr'><strong>ett</strong></span> <span class='ocrx_word' id='word_1_290' title='bbox 662 3005 741 3068; x_wconf 90' lang='lat' dir='ltr'><strong>Nec·</strong></span> <span class='ocrx_word' id='word_1_291' title='bbox 756 3025 811 3068; x_wconf 81' lang='lat' dir='ltr'><strong>mo</strong></span> <span class='ocrx_word' id='word_1_292' title='bbox 831 3005 914 3068; x_wconf 88' lang='lat' dir='ltr'><strong>latet</strong></span> <span class='ocrx_word' id='word_1_293' title='bbox 935 3008 1027 3091; x_wconf 89' lang='lat' dir='ltr'><strong>quod</strong></span> <span class='ocrx_word' id='word_1_294' title='bbox 1048 3005 1140 3072; x_wconf 86' lang='lat' dir='ltr'><strong>addi·</strong></span> 
     </span>
     <span class='ocr_line' id='line_1_34' title="bbox 47 3085 1224 3177; baseline 0.007 -29"><span class='ocrx_word' id='word_1_295' title='bbox 47 3085 124 3163; x_wconf 88' lang='lat' dir='ltr'><strong>dilli,</strong></span> <span class='ocrx_word' id='word_1_296' title='bbox 145 3113 335 3177; x_wconf 89' lang='lat' dir='ltr'><strong>quanquam</strong></span> <span class='ocrx_word' id='word_1_297' title='bbox 359 3092 457 3152; x_wconf 83' lang='lat' dir='ltr'><strong>ambo</strong></span> <span class='ocrx_word' id='word_1_298' title='bbox 479 3110 551 3152; x_wconf 88' lang='lat' dir='ltr'><strong>non</strong></span> <span class='ocrx_word' id='word_1_299' title='bbox 571 3089 721 3166; x_wconf 82' lang='lat' dir='ltr'><strong>ejusdem</strong></span> <span class='ocrx_word' id='word_1_300' title='bbox 744 3086 881 3152; x_wconf 86' lang='lat' dir='ltr'><strong>virtutia</strong></span> <span class='ocrx_word' id='word_1_301' title='bbox 903 3089 990 3153; x_wconf 86' lang='lat' dir='ltr'><strong>[unt.</strong></span> <span class='ocrx_word' id='word_1_302' title='bbox 1021 3087 1140 3156; x_wconf 73' lang='lat' dir='ltr'><strong>Minue</strong></span> <span class='ocrx_word' id='word_1_303' title='bbox 1219 3146 1224 3164; x_wconf 84' lang='lat'><em>,</em></span> 
     </span>
     <span class='ocr_line' id='line_1_35' title="bbox 45 3169 1168 3256; baseline 0.006 -24"><span class='ocrx_word' id='word_1_304' title='bbox 45 3169 122 3236; x_wconf 88' lang='lat' dir='ltr'><strong>enim</strong></span> <span class='ocrx_word' id='word_1_305' title='bbox 141 3177 228 3239; x_wconf 85' lang='lat' dir='ltr'><strong>valet</strong></span> <span class='ocrx_word' id='word_1_306' title='bbox 251 3179 293 3240; x_wconf 82' lang='lat' dir='ltr'><strong>ad</strong></span> <span class='ocrx_word' id='word_1_307' title='bbox 315 3171 496 3236; x_wconf 82' lang='lat' dir='ltr'><strong>ineffabilis</strong></span> <span class='ocrx_word' id='word_1_308' title='bbox 519 3169 654 3236; x_wconf 85' lang='lat' dir='ltr'><strong>divinae</strong></span> <span class='ocrx_word' id='word_1_309' title='bbox 677 3170 833 3234; x_wconf 82' lang='lat' dir='ltr'><strong>ellentiae</strong></span> <span class='ocrx_word' id='word_1_310' title='bbox 852 3171 1140 3256; x_wconf 80' lang='lat' dir='ltr'><strong>-fignificationem</strong></span> <span class='ocrx_word' id='word_1_311' title='bbox 1165 3181 1168 3188; x_wconf 77' lang='grc'><em>’</em></span> 
     </span>
    </p>
   </div>
   <div class='ocr_carea' id='block_1_11' title="bbox 43 3251 1354 3521">
    <p class='ocr_par' dir='ltr' id='par_1_11' title="bbox 43 3251 1354 3521">
     <span class='ocr_line' id='line_1_36' title="bbox 46 3251 1354 3344; baseline 0.008 -30"><span class='ocrx_word' id='word_1_312' title='bbox 46 3251 201 3322; x_wconf 85' lang='lat' dir='ltr'><strong>affirmatio</strong></span> <span class='ocrx_word' id='word_1_313' title='bbox 224 3279 335 3344; x_wconf 84' lang='lat' dir='ltr'><strong>quum</strong></span> <span class='ocrx_word' id='word_1_314' title='bbox 369 3254 529 3340; x_wconf 85' lang='lat' dir='ltr'><strong>negatio;</strong></span> <span class='ocrx_word' id='word_1_315' title='bbox 549 3253 724 3340; x_wconf 60' lang='lat' dir='ltr'><strong>«quoniam</strong></span> <span class='ocrx_word' id='word_1_316' title='bbox 755 3277 824 3318; x_wconf 87' lang='lat' dir='ltr'><strong>una</strong></span> <span class='ocrx_word' id='word_1_317' title='bbox 852 3275 893 3319; x_wconf 85' lang='lat' dir='ltr'><strong>ex</strong></span> <span class='ocrx_word' id='word_1_318' title='bbox 914 3256 1075 3320; x_wconf 75' lang='lat' dir='ltr'><strong>creaturis</strong></span> <span class='ocrx_word' id='word_1_319' title='bbox 1097 3259 1141 3322; x_wconf 82' lang='lat' dir='ltr'><strong>ad</strong></span> <span class='ocrx_word' id='word_1_320' title='bbox 1218 3291 1222 3298; x_wconf 96' lang='lat'><em>·</em></span> <span class='ocrx_word' id='word_1_321' title='bbox 1351 3265 1354 3272; x_wconf 90' lang='lat'>&#39;</span> 
     </span>
     <span class='ocr_line' id='line_1_37' title="bbox 47 3339 1236 3422; baseline 0.007 -24"><span class='ocrx_word' id='word_1_322' title='bbox 47 3354 211 3406; x_wconf 83' lang='lat' dir='ltr'><strong>creatorem</strong></span> <span class='ocrx_word' id='word_1_323' title='bbox 243 3339 460 3422; x_wconf 80' lang='lat' dir='ltr'><strong>transfertur3</strong></span> <span class='ocrx_word' id='word_1_324' title='bbox 496 3341 598 3402; x_wconf 85' lang='lat' dir='ltr'><strong>altera</strong></span> <span class='ocrx_word' id='word_1_325' title='bbox 620 3340 705 3402; x_wconf 87' lang='lat' dir='ltr'><strong>ultra</strong></span> <span class='ocrx_word' id='word_1_326' title='bbox 728 3359 864 3402; x_wconf 80' lang='lat' dir='ltr'><strong>omnent</strong></span> <span class='ocrx_word' id='word_1_327' title='bbox 886 3355 1070 3406; x_wconf 81' lang='lat' dir='ltr'><strong>creaturam</strong></span> <span class='ocrx_word' id='word_1_328' title='bbox 1097 3344 1140 3405; x_wconf 86' lang='lat' dir='ltr'><strong>de</strong></span> <span class='ocrx_word' id='word_1_329' title='bbox 1231 3349 1236 3356; x_wconf 85' lang='lat'>&#39;</span> 
     </span>
     <span class='ocr_line' id='line_1_38' title="bbox 43 3419 1262 3521; baseline 0.007 -41"><span class='ocrx_word' id='word_1_330' title='bbox 43 3436 172 3486; x_wconf 81' lang='lat' dir='ltr'><strong>creatore</strong></span> <span class='ocrx_word' id='word_1_331' title='bbox 199 3447 262 3511; x_wconf 87' lang='lat' dir='ltr'><strong>per</strong></span> <span class='ocrx_word' id='word_1_332' title='bbox 291 3423 433 3508; x_wconf 80' lang='lat' dir='ltr'><strong>seipsum</strong></span> <span class='ocrx_word' id='word_1_333' title='bbox 460 3419 683 3506; x_wconf 81' lang='lat' dir='ltr'><strong>praedicatur.</strong></span> <span class='ocrx_word' id='word_1_334' title='bbox 726 3423 774 3486; x_wconf 89' lang='lat' dir='ltr'><strong>M.</strong></span> <span class='ocrx_word' id='word_1_335' title='bbox 803 3423 898 3486; x_wconf 87' lang='lat' dir='ltr'><strong>Bene</strong></span> <span class='ocrx_word' id='word_1_336' title='bbox 930 3421 1025 3486; x_wconf 81' lang='lat' dir='ltr'><strong>vider</strong></span> <span class='ocrx_word' id='word_1_337' title='bbox 1042 3425 1141 3521; x_wconf 77' lang='lat' dir='ltr'><strong>quod</strong></span> <span class='ocrx_word' id='word_1_338' title='bbox 1260 3464 1262 3473; x_wconf 66' lang='lat'><em>,</em></span> 
     </span>
    </p>
   </div>
   <div class='ocr_carea' id='block_1_12' title="bbox 42 3499 1216 3935">
    <p class='ocr_par' dir='ltr' id='par_1_12' title="bbox 42 3499 1216 3935">
     <span class='ocr_line' id='line_1_39' title="bbox 44 3499 1141 3594; baseline 0.008 -31"><span class='ocrx_word' id='word_1_339' title='bbox 44 3503 162 3584; x_wconf 75' lang='lat' dir='ltr'><strong>addidi3</strong></span> <span class='ocrx_word' id='word_1_340' title='bbox 195 3507 281 3594; x_wconf 90' lang='lat' dir='ltr'><strong>qnid</strong></span> <span class='ocrx_word' id='word_1_341' title='bbox 310 3507 415 3592; x_wconf 89' lang='lat' dir='ltr'><strong>igitur</strong></span> <span class='ocrx_word' id='word_1_342' title='bbox 441 3505 566 3568; x_wconf 85' lang='lat' dir='ltr'><strong>mirum</strong></span> <span class='ocrx_word' id='word_1_343' title='bbox 586 3499 673 3570; x_wconf 86' lang='lat' dir='ltr'><strong>fi&#39;de</strong></span> <span class='ocrx_word' id='word_1_344' title='bbox 696 3503 835 3574; x_wconf 86' lang='lat' dir='ltr'><strong>homine</strong></span> <span class='ocrx_word' id='word_1_345' title='bbox 879 3499 1027 3570; x_wconf 72' lang='lat' dir='ltr'><strong>uiltotus</strong></span> <span class='ocrx_word' id='word_1_346' title='bbox 1049 3521 1141 3572; x_wconf 78' lang='lat' dir='ltr'><strong>inter</strong></span> 
     </span>
     <span class='ocr_line' id='line_1_40' title="bbox 44 3585 1140 3674; baseline 0.004 -26"><span class='ocrx_word' id='word_1_347' title='bbox 44 3603 155 3654; x_wconf 84' lang='lat' dir='ltr'><strong>caetera</strong></span> <span class='ocrx_word' id='word_1_348' title='bbox 182 3589 340 3655; x_wconf 83' lang='lat' dir='ltr'><strong>animalia</strong></span> <span class='ocrx_word' id='word_1_349' title='bbox 371 3590 414 3653; x_wconf 82' lang='lat' dir='ltr'><strong>ad</strong></span> <span class='ocrx_word' id='word_1_350' title='bbox 433 3585 617 3674; x_wconf 85' lang='lat' dir='ltr'><strong>imaginem</strong></span> <span class='ocrx_word' id='word_1_351' title='bbox 639 3587 694 3652; x_wconf 85' lang='lat' dir='ltr'><strong>dei</strong></span> <span class='ocrx_word' id='word_1_352' title='bbox 716 3588 866 3652; x_wconf 70' lang='lat' dir='ltr'><strong>facture</strong></span> <span class='ocrx_word' id='word_1_353' title='bbox 903 3633 912 3664; x_wconf 87' lang='lat'>,</span> <span class='ocrx_word' id='word_1_354' title='bbox 943 3605 1022 3651; x_wconf 85' lang='lat' dir='ltr'><strong>vere</strong></span> <span class='ocrx_word' id='word_1_355' title='bbox 1042 3589 1140 3652; x_wconf 89' lang='lat' dir='ltr'><strong>fimul</strong></span> 
     </span>
     <span class='ocr_line' id='line_1_41' title="bbox 43 3669 1138 3771; baseline 0.003 -38"><span class='ocrx_word' id='word_1_356' title='bbox 43 3669 124 3752; x_wconf 83' lang='lat' dir='ltr'><strong>poffit</strong></span> <span class='ocrx_word' id='word_1_357' title='bbox 143 3673 346 3761; x_wconf 83' lang='lat' dir='ltr'><strong>plaedicari,</strong></span> <span class='ocrx_word' id='word_1_358' title='bbox 367 3670 472 3771; x_wconf 77' lang='lat' dir='ltr'><strong>homo</strong></span> <span class='ocrx_word' id='word_1_359' title='bbox 495 3669 618 3769; x_wconf 79' lang='lat' dir='ltr'><strong>animal</strong></span> <span class='ocrx_word' id='word_1_360' title='bbox 640 3670 702 3745; x_wconf 86' lang='lat' dir='ltr'><strong>est,</strong></span> <span class='ocrx_word' id='word_1_361' title='bbox 725 3692 796 3770; x_wconf 77' lang='lat' dir='ltr'><strong>non</strong></span> <span class='ocrx_word' id='word_1_362' title='bbox 815 3669 862 3769; x_wconf 64' lang='lat' dir='ltr'><strong>eli</strong></span> <span class='ocrx_word' id='word_1_363' title='bbox 878 3669 1001 3756; x_wconf 74' lang='lat' dir='ltr'><strong>animal</strong></span> <span class='ocrx_word' id='word_1_364' title='bbox 1015 3674 1138 3769; x_wconf 72' lang='lat' dir='ltr'><strong>bomne</strong></span> 
     </span>
     <span class='ocr_line' id='line_1_42' title="bbox 42 3755 1216 3935; baseline 0.006 -41"><span class='ocrx_word' id='word_1_365' title='bbox 42 3767 155 3904; x_wconf 69' lang='lat' dir='ltr'><strong>iri</strong></span> <span class='ocrx_word' id='word_1_366' title='bbox 176 3756 665 3912; x_wconf 63' lang='lat' dir='ltr'><strong>tttllttritlrut,</strong></span> <span class='ocrx_word' id='word_1_367' title='bbox 690 3755 1140 3935; x_wconf 58' lang='lat' dir='ltr'><strong>tuttelstet</strong></span> <span class='ocrx_word' id='word_1_368' title='bbox 1212 3782 1216 3794; x_wconf 52' lang='lat'><strong><em>¹</em></strong></span> 
     </span>
    </p>
   </div>
   <div class='ocr_carea' id='block_1_13' title="bbox 42 3859 1252 4266">
    <p class='ocr_par' dir='ltr' id='par_1_13' title="bbox 42 3859 1252 4266">
     <span class='ocr_line' id='line_1_43' title="bbox 792 3859 814 3900; baseline 0 0"><span class='ocrx_word' id='word_1_369' title='bbox 792 3859 814 3900; x_wconf 91' lang='lat' dir='ltr'><strong>u</strong></span> 
     </span>
     <span class='ocr_line' id='line_1_44' title="bbox 42 3859 1136 4020; baseline 0.005 -40"><span class='ocrx_word' id='word_1_370' title='bbox 42 3936 101 3983; x_wconf 87' lang='lat' dir='ltr'><strong>met</strong></span> <span class='ocrx_word' id='word_1_371' title='bbox 117 3923 168 3988; x_wconf 88' lang='lat' dir='ltr'><strong>in·</strong></span> <span class='ocrx_word' id='word_1_372' title='bbox 208 3927 249 3990; x_wconf 82' lang='lat' dir='ltr'><strong>iit</strong></span> <span class='ocrx_word' id='word_1_373' title='bbox 263 3923 462 3990; x_wconf 74' lang='lat' dir='ltr'><strong>animalibus</strong></span> <span class='ocrx_word' id='word_1_374' title='bbox 481 3923 576 4009; x_wconf 88' lang='lat' dir='ltr'><strong>prolo</strong></span> <span class='ocrx_word' id='word_1_375' title='bbox 601 3919 658 3986; x_wconf 85' lang='lat' dir='ltr'><strong>uia</strong></span> <span class='ocrx_word' id='word_1_376' title='bbox 669 3941 749 3986; x_wconf 81' lang='lat' dir='ltr'><strong>vere</strong></span> <span class='ocrx_word' id='word_1_377' title='bbox 761 3859 857 3986; x_wconf 77' lang='lat' dir='ltr'><strong>simut</strong></span> <span class='ocrx_word' id='word_1_378' title='bbox 873 3921 1136 4020; x_wconf 73' lang='lat' dir='ltr'><strong>praedicantur?</strong></span> 
     </span>
     <span class='ocr_line' id='line_1_45' title="bbox 43 3943 1252 4095; baseline -0.002 -23"><span class='ocrx_word' id='word_1_379' title='bbox 43 3999 373 4095; x_wconf 53' lang='lat' dir='ltr'><strong>lotrofinropteren</strong></span> <span class='ocrx_word' id='word_1_380' title='bbox 394 4007 532 4072; x_wconf 84' lang='lat' dir='ltr'><strong>divinae</strong></span> <span class='ocrx_word' id='word_1_381' title='bbox 553 3943 708 4070; x_wconf 80' lang='lat' dir='ltr'><strong>erientiae</strong></span> <span class='ocrx_word' id='word_1_382' title='bbox 728 4003 964 4091; x_wconf 71' lang='lat' dir='ltr'><strong>affirmationes</strong></span> <span class='ocrx_word' id='word_1_383' title='bbox 986 4020 1020 4070; x_wconf 87' lang='lat' dir='ltr'><strong>et</strong></span> <span class='ocrx_word' id='word_1_384' title='bbox 1037 4027 1138 4093; x_wconf 89' lang='lat' dir='ltr'><strong>nega·</strong></span> <span class='ocrx_word' id='word_1_385' title='bbox 1248 4069 1252 4078; x_wconf 84' lang='grc'><em>,</em></span> 
     </span>
     <span class='ocr_line' id='line_1_46' title="bbox 44 4087 1136 4177; baseline 0.004 -25"><span class='ocrx_word' id='word_1_386' title='bbox 44 4095 139 4155; x_wconf 70' lang='lat' dir='ltr'><strong>bonet</strong></span> <span class='ocrx_word' id='word_1_387' title='bbox 169 4092 399 4172; x_wconf 76' lang='lat' dir='ltr'><strong>conveniunt,</strong></span> <span class='ocrx_word' id='word_1_388' title='bbox 430 4090 593 4177; x_wconf 82' lang='lat' dir='ltr'><strong>qnoniam</strong></span> <span class='ocrx_word' id='word_1_389' title='bbox 623 4089 758 4174; x_wconf 83' lang='lat' dir='ltr'><strong>superat</strong></span> <span class='ocrx_word' id='word_1_390' title='bbox 788 4087 902 4158; x_wconf 83' lang='lat' dir='ltr'><strong>omnia</strong></span> <span class='ocrx_word' id='word_1_391' title='bbox 922 4109 1008 4176; x_wconf 88' lang='lat' dir='ltr'><strong>quae</strong></span> <span class='ocrx_word' id='word_1_392' title='bbox 1030 4091 1071 4154; x_wconf 86' lang='lat' dir='ltr'><strong>ab</strong></span> <span class='ocrx_word' id='word_1_393' title='bbox 1094 4109 1136 4156; x_wconf 84' lang='lat' dir='ltr'><strong>eo</strong></span> 
     </span>
     <span class='ocr_line' id='line_1_47' title="bbox 45 4163 1136 4266; baseline 0.005 -32"><span class='ocrx_word' id='word_1_394' title='bbox 45 4163 119 4238; x_wconf 75' lang='lat' dir='ltr'><strong>facta</strong></span> <span class='ocrx_word' id='word_1_395' title='bbox 136 4175 220 4242; x_wconf 82' lang='lat' dir='ltr'><strong>sunt</strong></span> <span class='ocrx_word' id='word_1_396' title='bbox 236 4191 272 4244; x_wconf 80' lang='lat' dir='ltr'><strong>et</strong></span> <span class='ocrx_word' id='word_1_397' title='bbox 290 4195 436 4266; x_wconf 81' lang='lat' dir='ltr'><strong>qnorum</strong></span> <span class='ocrx_word' id='word_1_398' title='bbox 456 4175 556 4242; x_wconf 77' lang='lat' dir='ltr'><strong>caula</strong></span> <span class='ocrx_word' id='word_1_399' title='bbox 574 4172 638 4251; x_wconf 83' lang='lat' dir='ltr'><strong>eil,</strong></span> <span class='ocrx_word' id='word_1_400' title='bbox 664 4171 811 4240; x_wconf 82' lang='lat' dir='ltr'><strong>coinon</strong></span> <span class='ocrx_word' id='word_1_401' title='bbox 831 4171 932 4240; x_wconf 81' lang='lat' dir='ltr'><strong>liceat</strong></span> <span class='ocrx_word' id='word_1_402' title='bbox 945 4172 1136 4262; x_wconf 78' lang='lat' dir='ltr'><strong>prospicere</strong></span> 
     </span>
    </p>
   </div>
   <div class='ocr_carea' id='block_1_14' title="bbox 0 0 1432 4978">
    <p class='ocr_par' dir='ltr' id='par_1_14' title="bbox 0 0 1432 4978">
     <span class='ocr_line' id='line_1_48' title="bbox 0 0 1432 4978; baseline 0 5"><span class='ocrx_word' id='word_1_403' title='bbox 0 0 1432 4978; x_wconf 95' lang='lat' dir='ltr'><strong> </strong></span> 
     </span>
    </p>
   </div>
  </div>
 </body>
</html>
