2930 4982
300 243 380 344 ,⁶¹⁰
628 239 885 310 denumerare
905 235 1080 310 Naturae.
1127 283 1132 294 ·

303 422 485 514 integrior.
522 417 621 516 quarn
643 421 680 489 in
700 423 834 514 hie‘qui
857 424 1030 490 oceafiune
1052 422 1164 513 aliqua
1183 423 1380 517 integritatem

304 511 403 574 suam*
427 521 485 571 aut
507 509 735 595 pedaneum
755 528 825 574 nort
848 509 1031 596 attingunt.
1070 508 1281 596 'Paradigmaa
1310 512 1381 577 Sola·

304 593 350 658 rie
381 591 494 657 radiue
516 595 643 656 munda
663 609 820 679 penetrat
842 608 876 657 et
896 593 1088 666 immunda,
1124 596 1203 657 durn
1223 595 1260 657 tir
1278 593 1310 658 in
1329 617 1384 660 om·

303 676 406 742 nibue
437 679 604 750 mundus,
641 687 752 763 neque
807 677 899 740 urior
919 675 1114 741 in'mundie
1136 697 1234 763 quam
1253 677 1286 740 in
1306 679 1386 744 lordi-

302 758 698 838 bunincontarninatuea
740 762 768 823 E
824 757 915 825 e'nim
947 759 983 823 in
1005 759 1164 824 omnibus
1186 760 1386 848 quac-illumi·

302 859 382 917 nat,
417 844 510 908 lucet
530 842 566 906 in
589 841 762 920 tenebria;
805 859 839 907 et
859 842 1012 908 mirabile
1032 841 1296 920 dictutenebrea
1315 845 1345 910 in
1364 847 1388 911 le

230 991 233 1006 ,
303 929 374 991 n'on
396 925 492 1001 linit,
512 928 593 990 durn
615 930 829 993 tenebrarum
851 928 964 992 causae
988 926 1131 990 intra‘se
1145 927 1385 1014 comprehendit,

302 1032 373 1076 non
396 1009 502 1074 solum
526 1013 743 1084 umbrarum,
765 1031 884 1075 verum
908 1010 1008 1075 etiam
1031 1009 1253 1076 absentiarum
1270 1012 1389 1078 ratium.

304 1095 426 1181 Nullae
456 1092 585 1182 quippe
606 1097 764 1160 tenebrae
785 1092 920 1159 suntin
942 1110 1063 1158 natura
1082 1101 1206 1159 rerum'
1237 1117 1296 1158 uae
1312 1096 1391 1159 lumi·

303 1187 348 1248 ne
376 1197 448 1242 non
480 1177 820 1242 circumscribuntur:
852 1178 875 1241 si
906 1178 998 1243 enim
1026 1176 1063 1241 in
1093 1178 1227 1266 corpori
1250 1201 1288 1244 ue
1312 1179 1391 1254 sunt3

351 1259 455 1325 antris
483 1261 541 1325 lon
568 1259 673 1326 iffirne
700 1263 966 1348 protendantur,
989 1261 1163 1347 ¹postremo
1186 1269 1295 1326 tamen
1313 1261 1393 1328 solari

301 1267 379 1410 pllpoe
401 1283 614 1426 amblunsur:
644 1345 725 1408 stin
750 1344 943 1432 spiritibus,
975 1367 1118 1432 quorum
1142 1349 1297 1412 tenebrae
1315 1345 1392 1446 igno·

301 1426 410 1494 rantia
432 1427 581 1492 veritatie
601 1429 704 1512 sunt3
727 1427 911 1516 sapientiae
932 1427 1082 1493 claritate
1104 1427 1209 1494 finem
1235 1428 1394 1516 acciplunt

303 1509 465 1578 Similiter
486 1513 579 1580 nulla
601 1511 750 1578 absentia
774 1513 833 1584 est,
858 1533 944 1598 quae
964 1515 1034 1577 non
1059 1514 1099 1576 ab
1121 1532 1162 1576 eo
1186 1517 1280 1594 cujue
1301 1513 1393 1576 absen-

301 1596 349 1660 tia
379 1596 446 1669 est,
481 1595 612 1660 causam
642 1594 805 1660 naecendi
832 1594 999 1682 accipiam
1035 1614 1114 1660 nam
1145 1596 1168 1660 st
1199 1598 1311 1660 lumen
1338 1617 1394 1660 nun

303 1677 531 1768 praecesserit,
566 1678 716 1744 absentia
746 1683 818 1758 eiua
849 1687 934 1766 qu'ae
963 1681 1120 1743 tenebrae
1150 1679 1246 1754 sunt,
1278 1701 1342 1746 nou
1362 1679 1396 1741 ie·

302 1769 444 1852 quotum
480 1765 629 1852 Ideoque
663 1783 702 1827 ex
734 1785 806 1826 uno
835 1785 961 1908 periere
992 1763 1070 1826 sunt
1099 1764 1270 1827 absentiae
1301 1779 1332 1827 et
1357 1781 1397 1825 rea

303 1869 443 1948 quarum
467 1847 636 1912 absentiae
657 1847 758 1920 sunt,
781 1861 821 1914 ut
848 1865 892 1910 ux
908 1863 942 1911 et
961 1849 1133 1920 tenebrae,
1157 1847 1261 1912 sonue
1279 1863 1311 1910 et
1322 1847 1397 1910 fisen-

299 1949 408 2005 taum,
435 1931 541 1995 forma
565 1928 827 2004 etiniornritae,
852 1945 1030 2018 ceteraque
1051 1929 1087 1993 id
1109 1951 1229 2016 genua.
1262 1931 1325 1995 Sed
1337 1925 1396 2027 quia

301 2013 413 2100 dignit
446 2013 603 2078 laudibus
634 2011 818 2100 imaginent
845 2013 1187 2089 Dei‘demonstrere,
1219 2031 1399 2102 congruisve

193 2155 198 2167 .
300 2096 577 2163 fimilitudinibue
599 2117 793 2196 comparare
813 2098 948 2182 potest?
972 2101 1013 2161 Et
1034 2112 1073 2160 ut
1086 2103 1283 2184 'cognotcae
1302 2114 1397 2182 aequa

298 2181 430 2247 litatem
449 2178 673 2244 humanitates
696 2201 733 2244 tn
756 2181 915 2245 omuibus
936 2179 1150 2251 nominibus.
1174 2181 1309 2245 intuere
1329 2199 1400 2243 com·

229 2275 233 2296 ¹
254 2268 257 2275 '
298 2285 437 2330 munem
461 2263 476 2326 s
500 2262 607 2326 eciem
628 2267 854 2328 humanorum
878 2285 1069 2356 corporum.
1093 2265 1226 2328 'Nullue
1250 2263 1337 2328 enim
1354 2265 1398 2324 ho·

300 2369 358 2414 mo
388 2345 457 2412 alio
475 2287 618 2431 bomine
639 2347 821 2412 humanior
844 2347 907 2432 est3
943 2371 1021 2413 narn
1043 2349 1066 2412 fi
1089 2347 1210 2434 aliqua.
1226 2343 1402 2413 deformiter

299 2429 395 2499 conti
421 2430 505 2506 erit,
529 2431 583 2494 vel
605 2431 787 2495 formarum
800 2431 1022 2508 'differentiae
1042 2451 1116 2496 non
1138 2453 1180 2495 er
1206 2447 1401 2496 maturuere

300 2517 370 2592 nit,
398 2455 464 2580 gsed
487 2515 550 2577 'vel
582 2535 621 2580 ex
643 2514 871 2601 'corruptione
899 2535 1091 2602 corporeae
1107 2514 1334 2602 integritatie,
1359 2507 1403 2572 uel

321 2596 501 2664 uibuedam
513 2595 744 2662 accidentibus
790 2619 853 2662 uae
868 2597 1072 2663 extrinsecae
1086 2597 1303 2671 adveniunt,
1327 2613 1404 2682 quas·

298 2621 444 2772 iamque
473 2679 609 2769 fingulie
639 2621 836 2745 hominibus
865 2681 1071 2747 differentiae
1093 2683 1249 2756 addunt,
1267 2683 1357 2750 ¹dum
1374 2675 1404 2738 fit

298 2784 367 2833 una
397 2769 414 2831 s
437 2764 523 2829 eciea
555 2781 589 2828 et
639 2763 780 2830 en'eralie
809 2763 967 2830 omnibus
999 2787 1038 2830 ex
1061 2779 1181 2829 natura
1203 2761 1408 2829 uniformiter

299 2851 389 2938 impr
435 2870 470 2924 a,
493 2870 585 2912 unua
609 2787 720 2913 {nsua
742 2867 924 2938 corporeue
946 2848 1249 2947 quinquepartitus
1272 2863 1406 2912 coturnu-

297 2933 395 2998 niter*
412 2931 570 2998 omnibue
591 2929 692 3006 inest;
722 2931 876 3017 qt'tamvie
897 2931 1072 3012 inruultae
1096 2953 1226 3018 organa
1248 2937 1322 3012 ejus
1344 2923 1407 2995 defi·

301 3017 411 3092 ciant,
444 3015 561 3080 oculoe
594 3013 670 3080 dico
692 3035 874 3101 aureaque,
908 3031 1086 3114 ceteraque
1107 3015 1352 3084 instrumenta.
1380 3007 1408 3070 5¹¹

299 3100 423 3189 quibua
455 3097 599 3163 exterior
628 3097 738 3163 sensue
761 3112 928 3186 operatur.
972 3099 1067 3184 Quid
1089 3099 1201 3164 dicam
1227 3101 1276 3164 de
1292 3094 1409 3162 ratione

299 3199 333 3248 et
354 3181 556 3248 intellectus
590 3181 715 3245 Nonne
738 3181 896 3246 omnibus
918 3181 1119 3270 generaliter
1142 3181 1290 3258 insunt,
1314 3197 1409 3267 queue

272 3286 274 3299 ¹
298 3265 350 3330 vie
372 3287 441 3332 nun
466 3286 583 3330 orunee
607 3263 654 3327 eie
669 3267 757 3328 bene
780 3280 938 3354 recteque
951 3265 1116 3329 utantur?
1138 3261 1247 3332 multi
1263 3263 1409 3356 siquidem

218 3407 226 3424 ,
301 3349 511 3414 naturalibus
539 3345 640 3412 bunia
672 3349 867 3424 abutentes,
890 3365 1060 3413 'retentae
1085 3348 1165 3414 'suae
1190 3346 1410 3413 damnationis

299 3433 413 3499 causae
435 3432 655 3500 invenerunt.
701 3430 898 3520 similiaque
926 3431 1098 3501 manifesta
1117 3431 1254 3498 indicia
1277 3445 1408 3498 commu·

297 3516 413 3584 niuniu
433 3515 472 3580 in
495 3513 653 3580 omnibus
676 3515 843 3579 humanae
865 3529 1014 3582 naturae.
1059 3518 1157 3604 Quae
1178 3537 1267 3582 curn
1289 3513 1409 3604 itallnt,

298 3599 373 3702 quie
402 3615 494 3664 recte
514 3597 830 3685 philosophantium
852 3619 1005 3688 pureque
1023 3615 1162 3664 naturae
1182 3621 1309 3666 rerum
1327 3595 1410 3678 inspr-

299 3682 464 3749 ctentiutu
493 3701 564 3746 uon
589 3680 756 3746 continno
800 3683 1002 3760 ronunuiat,
1033 3681 1294 3749 irrationabiles
1315 3691 1410 3746 mutua

298 3768 463 3832 malarum
490 3765 710 3832 voluntatum
726 3785 782 3854 ,po
809 3765 971 3864 epuniri
998 3764 1036 3832 in
1067 3764 1146 3844 hie,
1182 3767 1252 3854 qut
1271 3773 1411 3832 naturam

297 3852 422 3915 bonant
454 3865 488 3914 et
516 3847 761 3914 rationabilem.
783 3865 817 3914 et
845 3847 1081 3941 impassibilem
1101 3847 1348 3940 participanti
1378 3843 1411 3906 Et

299 3935 585 4020 quemadmodum
617 3932 705 3996 malr
730 3933 896 4020 vuluntate·
918 3935 1071 4000 naturale
1091 3935 1231 4001 bouum
1255 3958 1329 4000 non
1350 3949 1412 3996 eou-

298 4015 459 4096 taminat3
493 4017 542 4081 ita
572 4013 671 4082 etiam
699 4019 1034 4084 tormentumuralae
1053 4017 1251 4084 voluntarie
1275 4011 1409 4084 naturale

300 4099 488 4180 subiectum
511 4098 567 4165 eui
589 4098 714 4166 accidit
736 4099 771 4165 et
790 4101 827 4166 iu
871 4114 917 4166 uo
940 4102 1156 4178 continetur,
1179 4125 1263 4168 non
1279 4111 1407 4186 torquet

297 4184 369 4270 ipsa
405 4181 567 4271 squidem
600 4197 720 4249 natura
738 4179 825 4252 ficut
844 4117 950 4252 llbera
967 4185 1016 4251 ee
1037 4185 1254 4275 penit-oeque
1276 4183 1407 4251 artetur
1429 4239 1430 4254 ,
