2922 4978
305 255 392 332 m
633 263 689 330 lle
710 261 892 358 Diplaiorte
913 261 1088 333 Naum.

308 461 343 512 et
364 447 516 511 nondum
539 448 725 514 revelatum
747 447 791 514 eu
835 445 1050 514 uid-erimus.
1079 461 1084 482 ¹
1109 445 1176 511 Sed
1194 447 1308 514 scimus
1325 453 1390 538 quia

308 553 387 598 cum
407 533 592 595 revelatum
614 531 733 607 fuerit,
756 469 876 598 fimilea
899 529 930 594 ei
952 531 1088 600 erimue.
1121 531 1235 617 ltaque
1254 553 1322 598 oum
1337 535 1389 599 Dei

307 629 426 679 natura
448 614 487 677 fit
508 613 643 711 fimplex
663 613 813 763 (¹[piritm
827 614 927 679 enim
947 618 1040 681 Deua
1062 615 1118 697 est)
1140 633 1202 685 nus
1243 637 1343 704 uoque
1358 618 1387 682 in

308 700 448 762 eandem
470 695 652 784 imagrnem
764 697 912 763 abimurt
945 714 985 763 ut
1006 699 1113 786 qualia
1136 700 1228 763 coele
1254 699 1296 776 ἰ,
1324 703 1390 764 talea

308 796 342 848 et
362 780 528 845 coelellea.
577 781 684 868 Igitur
728 798 787 848 cut
801 781 1015 880 portavimus
1037 779 1219 878 imaginem
1239 781 1322 846 illiue
1339 799 1391 846 ter·

307 862 400 962 reni,
437 879 610 949 portemur
646 882 679 929 et
708 865 1012 982 imaginemnhujua
1034 864 1201 964 coclellaa,
1236 865 1309 953 quia
1328 887 1391 930 eum

189 1069 243 1088 ..
305 948 710 1109 tutaretur-tt
729 950 1393 1180 utunperuenerunt:

306 1133 359 1190 re,
389 1113 498 1178 veluti
528 1115 781 1181 substantiarum
810 1117 1056 1192 confu1onem,
1093 1115 1147 1198 rel
1171 1129 1394 1179 transmutatio·

305 1217 386 1261 nem
407 1195 491 1261 velit
511 1199 663 1274 suadere3
687 1201 743 1266 sed
759 1200 1000 1265 adunationem
1019 1203 1188 1288 quandam
1202 1197 1395 1272 ineffabilem,

221 1277 228 1300 ⁸
306 1295 407 1368 atque
429 1279 718 1370 inintelligibilem
741 1285 921 1349 nostrarum
944 1282 1198 1348 substantiarum
1219 1279 1395 1346 evidentilli·

264 1387 268 1396 ·
306 1385 362 1428 me
394 1364 550 1430 docuille.
604 1369 642 1430 ln
675 1371 822 1432 humana
853 1366 1012 1453 liquidem
1044 1382 1163 1430 natura
1194 1363 1242 1428 nil
1282 1363 1398 1428 lubbstit

307 1449 399 1546 quod
427 1447 598 1533 spirituale
628 1465 662 1516 et
690 1451 798 1516 intelli
826 1450 905 1515 'bile
927 1472 997 1515 non
1022 1451 1070 1514 fit.
1114 1452 1200 1515 Nam
1225 1462 1258 1512 et
1276 1447 1396 1512 subdan-

307 1543 357 1594 ιιι
379 1550 418 1595 co
462 1531 528 1598 oria
550 1534 704 1620 profecto
724 1473 835 1599 intefii
860 1532 950 1598 ibilia
973 1535 1033 1611 est=
1057 1547 1158 1679 atpue
1180 1531 1257 1596 ideo
1278 1553 1340 1596 non
1362 1529 1396 1592 est

304 1612 435 1678 incredi
460 1613 521 1691 ile,
543 1638 608 1682 nec
628 1618 754 1683 rationi
775 1557 965 1692 lubdstene,
988 1616 1097 1682 fiinte
1111 1613 1257 1704 ligibilea
1278 1615 1397 1679 lubllau-

306 1696 375 1761 aiae
395 1697 455 1761 sabi
477 1697 625 1764 invicem
647 1705 855 1766 adunentur=
877 1717 916 1766 ut
934 1717 968 1764 et
984 1723 1091 1766 unum
1105 1701 1181 1774 fint,
1205 1712 1239 1763 et
1251 1717 1396 1784 unaquae-

306 1801 372 1928 pue
400 1782 641 1869 proprietatem
673 1786 763 1852 luam
789 1801 823 1849 et
844 1783 1080 1849 subsistentiam
1101 1785 1226 1848 habere
1246 1804 1314 1848 non
1334 1780 1398 1845 defi·

333 1879 383 1928 att
422 1865 470 1928 ita
507 1881 618 1932 tamen
652 1885 691 1930 ut
719 1865 879 1933 inferiora
908 1865 1135 1954 superioribus
1170 1865 1397 1931 contineantur.

304 1949 384 2012 Non
407 1947 497 2012 enim
519 1971 597 2013 vera
617 1953 703 2015 ratio
726 1953 802 2016 linit
824 1953 859 2015 lu
887 1952 994 2020 eriota
1017 1950 1237 2015 inferioribus
1265 1951 1317 2013 vel
1336 1968 1399 2012 con·

286 2023 445 2106 'tineri,'·
461 2033 516 2095 vel
545 2035 683 2111 attrahi,
713 2037 767 2099 vel
789 1977 952 2100 coniirmi.
976 2034 1160 2116 ''inferiora
1181 2055 1262 2098 vero
1285 2055 1302 2096 a
1321 2032 1399 2117 supe·

242 2176 246 2198 ,
305 2112 451 2179 rioribus
475 2117 673 2182 naturaliter
694 2121 926 2194 attrahuntur,
963 2131 997 2181 et
1018 2119 1258 2191 absorbentur,
1288 2137 1351 2180 non
1369 2127 1401 2176 ut

304 2215 376 2260 non
399 2198 481 2274 srnt,
514 2199 570 2262 sed
592 2215 631 2264 ut
654 2200 691 2264 in
715 2201 762 2266 eie
784 2203 860 2288 plue
882 2203 1075 2277 salventur,
1107 2215 1142 2264 et
1162 2201 1343 2274 subsistant,
1374 2211 1400 2260 et

300 2297 411 2343 unum
434 2281 509 2346 fint.
539 2283 626 2347 Nam
650 2307 760 2373 neque
775 2295 829 2348 ar'e'r
845 2286 936 2349 luam
955 2284 1067 2371 perdit
1082 2285 1311 2357 lubllantiam,
1335 2301 1398 2344 curu

303 2376 395 2426 totua
417 2362 453 2428 in
475 2366 578 2431 solare
600 2369 715 2432 lumen
738 2368 967 2434 con'vertitur:
989 2369 1026 2433 in
1049 2383 1201 2444 tantum,
1224 2385 1264 2432 ut
1277 2365 1356 2432 nibil
1370 2363 1398 2426 in

305 2465 347 2510 eo
375 2465 533 2534 appareat
560 2449 622 2514 nili
653 2453 729 2533 lux3
762 2473 839 2518 cum
862 2451 954 2516 aliud
975 2453 1013 2516 stt
1033 2452 1109 2528 lux,
1141 2449 1237 2518 aliud
1260 2461 1325 2516 aer:
1351 2451 1399 2536 'lux

303 2543 417 2595 tamen
446 2535 615 2618 praevalet
643 2535 680 2599 in
710 2545 802 2611 ae're,
837 2551 876 2598 ut
896 2536 963 2599 sola
984 2535 1140 2600 rideatur
1163 2536 1238 2602 effe.
1279 2537 1400 2600 Ferrum

305 2628 364 2678 aut
393 2614 485 2680 aliud
512 2617 650 2704 aliquod
677 2621 851 2684 metallum
880 2616 917 2682 in
939 2615 1020 2706 igne
1040 2619 1281 2706 liquefactum,
1310 2618 1344 2682 in
1362 2615 1400 2677 i·

304 2719 384 2762 nem
405 2700 560 2763 converti
580 2700 735 2778 videtur,
766 2719 804 2790 ut
824 2701 915 2790 ignia
936 2717 1040 2790 purus
1062 2703 1222 2771 videatur
1245 2702 1324 2780 ell'e,
1355 2637 1400 2792 ld:

302 2802 346 2845 ra
375 2782 501 2846 metalli
529 2784 707 2849 substantia
735 2801 967 2871 permanente.
1010 2787 1137 2850 Eadem
1159 2787 1293 2852 ratione
1315 2781 1401 2848 exilh·

301 2883 359 2929 mo
387 2868 594 2954 corporalem
626 2869 838 2934 substantiam
865 2868 902 2934 in
926 2867 1072 2934 animam
1092 2869 1157 2933 ello
1179 2869 1397 2936 transituram

301 2967 373 3014 non
402 2965 442 3012 ut
468 2967 584 3036 pereat
614 2956 706 3039 quod
728 2953 784 3028 srt,
821 2953 877 3017 led
897 2967 937 3016 ut
957 2953 994 3017 in
1016 2951 1150 3020 meliori
1172 2951 1311 3020 ellantia
1330 2949 1400 3042 lalyt

301 3031 351 3096 lit.
406 3031 568 3098 Similiter
590 3037 631 3099 de
653 3036 722 3123 ipla
745 3035 858 3100 anima
880 3035 1160 3124 intelligendum:
1196 3039 1291 3126 quod
1310 3034 1353 3096 ita
1371 3049 1397 3090 m

301 3113 511 3180 intellectum
533 3119 744 3196 movebitur,
769 3135 817 3182 ut¹
831 3119 868 3183 in
892 3141 932 3185 eo
977 3119 1103 3186 ulcrior
1125 3111 1399 3209 Deoquelimilior

300 3201 528 3263 conservetur.
570 3203 643 3266 Nec
664 3203 760 3267 aliter
784 3201 924 3292 dixerim
948 3143 990 3268 de
1014 3202 1178 3278 transitu,
1204 3219 1247 3267 ut
1267 3222 1337 3266 non
1357 3197 1398 3292 ιβ·

300 3283 368 3346 buc
400 3281 508 3348 dicam
533 3286 708 3360 omnium,
747 3287 803 3350 led
824 3285 1076 3353 rationabilium
1100 3285 1352 3354 substantiarum
1370 3301 1397 3342 ω

299 3367 429 3430 Deum:
452 3365 504 3431 in·
512 3390 580 3454 quo
603 3385 726 3433 cuncta
743 3370 846 3436 finem
861 3371 1007 3456 pofitura
1027 3373 1115 3448 lunt,
1139 3387 1173 3436 et
1185 3393 1296 3436 unum
1309 3375 1398 3432 erunt

301 3449 368 3512 Sed
396 3453 488 3536 quod
518 3455 560 3516 de
583 3453 789 3518 adunatione
810 3458 978 3518 humanae
1002 3472 1140 3520 naturae
1163 3459 1291 3542 absque
1312 3452 1399 3532 fingu-

300 3535 407 3598 larum
429 3534 682 3602 substantiarum
704 3536 920 3623 proprietatio
943 3537 1128 3603 abolitione
1151 3538 1301 3603 diximus
1318 3583 1326 3611 ‚
1346 3531 1400 3596 Mt

298 3615 380 3682 rimi
417 3618 592 3702 sententia
615 3621 788 3718 pollumua
825 3625 1018 3708 approbare.
1061 3627 1249 3708 Exponene
1272 3631 1398 3700 namque

300 3721 460 3788 magnum
492 3705 692 3790 Gregorrum
724 3705 907 3786 Nyllenum
936 3703 974 3769 in
1004 3707 1156 3770 sermone
1178 3709 1223 3770 de
1245 3697 1398 3793 grandine.

298 3782 359 3847 ubi
381 3784 445 3849 ait:
468 3789 537 3862 „Et
558 3807 621 3852 noa
643 3785 781 3874 quidem
802 3790 861 3853 lux
881 3789 1061 3855 ineffabilia
1081 3787 1248 3878 accipiet,
1274 3803 1307 3851 et
1326 3785 1398 3877 leue

301 3881 355 3930 tae
378 3887 416 3932 ac
436 3868 556 3956 regalia
578 3871 821 3958 contemplatio
844 3871 1024 3965 Trinitatis
1040 3872 1270 3938 illuminantia
1283 3869 1398 3970 plantat

301 3963 336 4012 et
362 3949 500 4037 purius,
531 3969 565 4016 et
588 3953 693 4019 totiua
716 3955 781 4020 toti
803 3955 917 4022 animo
939 3957 1083 4022 mixtaet
1121 3979 1225 4045 quam
1247 3971 1344 4020 cuam
1362 3947 1397 4040 [9-

299 4033 371 4096 lum
392 4055 533 4122 regnum
556 4041 729 4103 coelorum
751 4061 815 4126 ego
836 4057 950 4126 pono,
986 4041 1234 4128 consequenter
1255 4040 1397 4124 adjurat

302 4113 440 4182 dicente
466 4118 505 4182 in
528 4120 622 4186 omni
645 4137 796 4188 creatura
818 4121 1013 4192 rationabili
1033 4127 1234 4214 angelorum
1256 4137 1292 4186 et
1310 4122 1397 4185 honu-

301 4221 384 4266 num
412 4199 608 4292 quicunque
634 4207 763 4273 nullam
795 4205 979 4276 fecundum
1009 4225 1142 4277 motum
1163 4203 1228 4296 qui
1249 4205 1293 4273 ad
1311 4201 1394 4268 finem
