2930 4982
394 221 787 328 limitaneam.
885 195 886 202 Ν
1114 241 1199 344 ssia

91 428 204 516 gitatef
216 423 422 514 praestantur
442 439 477 491 et
495 427 765 526 praeliabuntur,
788 423 1011 515 poffidebunt.
1038 428 1092 494 Aa
1107 428 1192 495 sum·

86 531 142 577 ma
171 519 284 590 taii'ien
313 514 405 576 dona
434 509 569 575 divinm
592 513 717 597 gratiae
738 534 823 602 quae
844 509 921 576 solis
940 511 1031 593 justis
1052 513 1194 598 reposita

87 617 126 660 ac
146 609 341 682 praeparata
361 595 455 668 sunt,
477 593 654 680 pervenire
673 617 745 662 non
766 609 946 682 poterunt,
976 598 1054 659 ciam
1075 595 1111 659 in
1129 599 1193 662 hae

84 678 156 742 vita
187 681 262 742 Deo
290 676 413 752 servire
440 679 641 754 noluerunt,
672 678 910 767 temporalium
937 699 1049 750 rerum
1080 700 1192 750 amore

86 761 235 834 detenti3
269 781 337 848 quo
364 759 526 824 videlicet
551 783 663 826 amore
692 763 728 827 in
761 761 825 827 alia
845 761 936 837 vita,
968 762 1033 826 live
1053 760 1091 824 in
1113 761 1193 827 solie

85 845 271 908 animabus·
292 844 357 906 sive
385 865 461 908 rece
487 844 529 909 tie
563 846 778 931 corporibus,
815 845 911 908 velut
938 843 1194 929 inextinguibili
1225 863 1246 906 ·.
1301 839 1306 848 “

85 931 219 992 flamma
241 929 422 1001 ardebunt,
470 948 527 991 um
544 927 616 992 illic
637 950 707 993 non
731 927 909 992 invenient
925 947 980 1001 ea,
1003 926 1194 1014 quibuahic

84 1011 349 1096 intemperanter
370 1009 563 1086 inhiabant;
586 1013 642 1076 sed
664 1033 781 1077 eorum
798 1012 1193 1096 vanaefalsasquephan·
1313 1022 1320 1070 i

87 1095 182 1158 talias
211 1087 399 1170 ridebunt,
430 1115 511 1181 quas
539 1115 616 1159 cum
643 1093 751 1159 veluti
778 1099 873 1158 vetas
900 1115 960 1158 rea
976 1097 1195 1178 comprehen-

83 1181 164 1242 dere
182 1177 386 1252 voluerint,
409 1179 599 1242 umbrarum
620 1177 963 1252 instar.evanescunt,
997 1199 1075 1241 cum
1098 1191 1194 1241 natu·

82 1259 146 1326 tali
170 1259 371 1328 subsistentia
403 1281 473 1324 non
507 1260 706 1326 fulciuntur.
748 1265 858 1325 Erunt
879 1259 971 1324 enim
991 1261 1075 1325 ficut
1094 1257 1203 1344 script

86 1359 159 1408 tum
182 1343 244 1416 eit,
270 1345 417 1409 Vanitos
435 1347 622 1408 vanitatum
641 1359 674 1408 et
689 1349 799 1409 omnia
810 1348 957 1408 vanitas.
987 1345 1079 1440 Ipsae
1094 1349 1195 1406 erutit

82 1425 309 1512 cogitationes
344 1429 385 1490 de
407 1426 529 1526 quibua
551 1429 715 1492 Psalmilla
738 1427 799 1492 ait:
834 1430 948 1514 (quod
969 1442 1070 1490 etiam
1091 1427 1194 1511 paulo

83 1508 238 1595 superine
257 1508 520 1588 introduximus)
554 1515 588 1574 iii
609 1513 667 1576 itta
688 1514 743 1575 die
764 1511 920 1594 peribunt
940 1525 1056 1574 omiies'
1070 1513 1199 1590 cogita-¹

84 1597 197 1658 tiones
217 1615 335 1656 eorum.
378 1596 426 1657 ilc
450 1595 472 1657 fi
495 1593 639 1669 diceret,
669 1616 786 1660 omnes
810 1593 1032 1681 cogitationes
1053 1613 1135 1679 quas
1156 1591 1195 1654 in

81 1674 238 1749 haesita
260 1677 303 1741 de
323 1679 422 1740 rebus
445 1677 584 1741 terrenis
606 1679 914 1776 temporalibusque
932 1676 1106 1740 animabus
1126 1674 1194 1738 suis

85 1775 122 1825 et
142 1759 330 1824 carnalibus
353 1759 521 1825 defideriis
544 1761 650 1826 dediti
672 1759 873 1835 infixerant,
896 1759 931 1822 in
948 1760 1010 1824 illa
1033 1759 1105 1834 die,
1126 1760 1194 1822 boc

84 1843 131 1908 etl
153 1842 189 1906 in
212 1842 424 1930 apparitione
445 1843 597 1908 veritatis
621 1843 798 1930 peribunt,
822 1846 958 1930 quando
981 1846 1022 1906 de
1039 1841 1195 1940 hisquae
1275 1873 1278 1888 =
1375 1869 1377 1882 ·

82 1925 241 1992 virenter
269 1925 306 1990 iii
339 1947 456 2002 carne,
492 1925 740 2013 cogitaverant,
771 1924 988 1991 resurreeturi
1015 1925 1051 1988 iii
1074 1923 1195 2010 spiritu

83 2007 172 2074 nibil
205 2008 393 2073 invenient.
447 2011 653 2096 Quidenim
669 2010 824 2096 perfidus
837 2013 1006 2090 ⁸iudaeus,
1038 2019 1194 2092 arrogatis

83 2091 271 2168 ismaelita,
295 2095 472 2158 exorbatus
491 2093 667 2192 impietate
688 2115 838 2180 paganus
861 2096 902 2156 de
924 2092 1002 2156 falsa
1021 2090 1193 2165 felicitate,

83 2195 186 2276 quam
209 2174 267 2239 fibi
288 2197 375 2239 vane
397 2176 515 2263 opinio
538 2198 575 2240 in
599 2179 711 2242 sutura
732 2177 801 2240 vita
822 2172 1014 2262 promittit,
1037 2173 1194 2237 inventu-

81 2281 114 2326 τι
136 2259 232 2333 suiits
265 2273 323 2322 aut
342 2276 466 2346 quanta
489 2259 636 2335 tristitia,
667 2276 811 2346 quantus
833 2261 947 2332 dolor,
977 2256 1083 2343 qualis
1105 2259 1195 2319 flam-

83 2363 139 2408 ma
161 2358 345 2430 perpetuae
366 2343 515 2430 egestatis
537 2364 594 2406 eoa
616 2343 804 2428 torquebit,
852 2345 966 2405 uando
987 2339 1074 2404 nihil
1095 2335 1220 2402 terre·7

84 2447 206 2492 narum
242 2425 469 2511 cupiditatum
507 2425 767 2523 mortaliumque
798 2365 994 2489 diiiiciarum
1026 2443 1107 2507 quas
1139 2421 1196 2506 spe

85 2531 174 2574 vana
195 2507 417 2584 imbiberant,
439 2509 622 2594 reperturi,
651 2507 805 2593 nihilque
827 2506 874 2570 eis
895 2505 1082 2570 remanebit
1103 2522 1195 2600 prie-
1245 2510 1248 2518 '

85 2609 138 2658 ter
165 2611 306 2656 uacuam
339 2591 708 2678 incomprehensibilem
735 2611 926 2662 ueterum,
962 2609 1041 2674 quas
1063 2587 1122 2650 fibi
1144 2585 1195 2647 fu·

83 2693 175 2742 turae
198 2676 260 2739 esse
282 2677 509 2749 crediderant,
532 2677 685 2740 umbram
707 2613 912 2770 sagittam?
937 2673 1046 2756 Quam
1066 2669 1195 2753 semper

85 2761 372 2844 comprehendere
402 2760 574 2833 volentes,
611 2779 689 2822 cum
719 2757 806 2833 nihil
840 2755 899 2834 esi,
939 2774 1065 2839 poenae
1098 2753 1196 2814 luent

63 2852 255 2919 aeternae,
278 2857 409 2910 utnon
432 2842 540 2910 dicam
564 2846 605 2906 de
629 2841 681 2906 his
704 2841 762 2927 qui
786 2839 887 2903 iidem
907 2835 1104 2901 catholicam
1119 2855 1194 2919 pro·

84 2929 244 2998 litentur,
275 2925 419 2990 carnalia
450 2941 562 2990 tamen
591 2923 650 2989 libi
686 2939 720 2986 et
748 2921 867 2987 localia
889 2936 923 2984 et
946 2914 1140 3005 temporalia
1161 2930 1197 2978 et

85 3007 249 3074 sensibilia
279 3013 366 3072 bona
395 3009 508 3071 sutuiu
531 3009 593 3072 esse
619 3005 823 3080 existimant,
857 3002 1007 3067 similiter
1031 3001 1196 3064 etiam‘de

85 3091 261 3178 suppliciis
295 3092 517 3155 infernalibus
559 3089 771 3154 arbitrantur.
828 3087 894 3149 Ubi
924 3089 1020 3149 datur
1048 3079 1195 3167 intelligi

85 3179 179 3263 quod
211 3173 297 3238 nihil
325 3175 361 3238 iri
391 3191 509 3238 natura
539 3191 799 3256 rerumpoenae
820 3167 968 3266 patietur
988 3180 1118 3254 praeter
1141 3185 1196 3228 va·

86 3282 146 3324 nas
167 3259 347 3344 impiarum
370 3258 555 3322 animarum
578 3254 800 3342 cogitationes
823 3275 858 3314 in
881 3252 985 3314 semet
1007 3250 1082 3334 ipsa
1104 3263 1195 3312 extra

85 3365 222 3408 omnem
251 3353 422 3416 naturam,
458 3363 535 3404 cum
573 3340 608 3403 in
632 3357 774 3402 numero
795 3351 989 3399 naturarum
1011 3354 1082 3396 non
1105 3332 1193 3395 sunt.

86 3429 136 3489 Ex
157 3427 243 3488 mala
266 3423 356 3488 enim
377 3426 553 3488 voluntate
574 3421 784 3506 terrenisque
806 3417 973 3483 desideriis
988 3415 1195 3480 occationem

88 3523 303 3594 acceperunt.
348 3509 393 3570 Ut
423 3507 514 3571 enim
536 3507 627 3591 quod
650 3506 745 3589 saepe
768 3501 931 3574 diximus,
967 3499 1060 3564 ultra·
1076 3513 1194 3560 omnes

88 3593 256 3657 naturales
281 3591 425 3654 virtutes
457 3590 614 3668 justorum
638 3587 816 3651 beatitudo
834 3605 895 3669 per
910 3578 1104 3677 'conditoris
1120 3598 1197 3722 gra·

83 3675 168 3740 tiam
189 3673 404 3747 exaltabitur,
427 3670 474 3735 ita
494 3671 582 3736 infra
604 3691 740 3734 omnem
754 3683 906 3732 naturam
921 3664 1104 3748 impiorum
1134 3683 1194 3746 up·

83 3757 267 3846 pliciornm
302 3757 545 3844 perejusdeni
577 3752 763 3818 conditoris
791 3748 949 3832 justitiam
978 3744 1202 3831 deprimetun

45 3915 48 3921 Α
86 3841 182 3930 Quid
203 3839 294 3906 enim
315 3839 459 3904 inferius
483 3835 544 3911 est,
567 3850 725 3922 extraque
748 3855 884 3899 omnem
900 3845 1054 3926 naturam
1069 3830 1195 3892 demer-

82 3927 150 3992 sius
180 3924 331 3989 vanitate
361 3921 550 3995 vanitatum
581 3921 666 3983 salba
693 3939 735 3981 ue
764 3913 1064 4002 imaginationibus
1083 3927 1196 3997 rerum

83 4027 175 4096 quae
203 4009 332 4094 semper
351 4003 539 4093 peribunt?
568 4001 652 4068 hinc
669 3942 757 4065 iilud
777 3997 933 4064 mirabile
950 4011 983 4058 et
1004 3995 1196 4090 inexplana-

83 4093 156 4158 bile
175 4091 337 4156 naecitur.
380 4092 539 4155 Attamen
558 4109 640 4154 vera
659 4083 810 4158 ratione,
834 4081 1038 4164 divinaeque
1059 4077 1196 4172 stripitu·

84 4195 145 4243 ree
175 4173 377 4242 auctoritate
397 4173 446 4241 ita
466 4170 540 4240 sieri
560 4187 596 4241 et
616 4189 689 4238 non
714 4167 809 4234 aliter
827 4169 1008 4252 probatur,
1038 4176 1198 4248 quoniam
