<?xml version="1.0" encoding="UTF-8"?>
<!DOCTYPE html PUBLIC "-//W3C//DTD XHTML 1.0 Transitional//EN"
    "http://www.w3.org/TR/xhtml1/DTD/xhtml1-transitional.dtd">
<html xmlns="http://www.w3.org/1999/xhtml" xml:lang="en" lang="en">
 <head>
  <title>
</title>
<meta http-equiv="Content-Type" content="text/html;charset=utf-8" />
  <meta name='ocr-system' content='tesseract 3.04.00' />
  <meta name='ocr-capabilities' content='ocr_page ocr_carea ocr_par ocr_line ocrx_word'/>
</head>
<body>
  <div class='ocr_page' id='page_1' title='image "./johannisscotier00schlgoog_0645.png"; bbox 0 0 2942 4976; ppageno 0'>
   <div class='ocr_carea' id='block_1_1' title="bbox 309 215 1087 292">
    <p class='ocr_par' dir='ltr' id='par_1_1' title="bbox 309 215 1087 292">
     <span class='ocr_line' id='line_1_1' title="bbox 309 215 1087 292; baseline -0.012 0"><span class='ocrx_word' id='word_1_1' title='bbox 309 219 388 292; x_wconf 72' lang='lat'>608</span> <span class='ocrx_word' id='word_1_2' title='bbox 639 219 700 290; x_wconf 46' lang='lat' dir='ltr'>tte*</span> <span class='ocrx_word' id='word_1_3' title='bbox 713 218 895 290; x_wconf 69' lang='lat' dir='ltr'>uuam</span> <span class='ocrx_word' id='word_1_4' title='bbox 914 215 1087 289; x_wconf 67' lang='lat' dir='ltr'>Naturae.</span> 
     </span>
    </p>
   </div>
   <div class='ocr_carea' id='block_1_2' title="bbox 245 399 1398 1072">
    <p class='ocr_par' dir='ltr' id='par_1_2' title="bbox 245 399 1398 1072">
     <span class='ocr_line' id='line_1_2' title="bbox 313 399 1392 492; baseline -0.001 -23"><span class='ocrx_word' id='word_1_5' title='bbox 313 403 578 492; x_wconf 77' lang='lat' dir='ltr'><strong>pulcritudinem</strong></span> <span class='ocrx_word' id='word_1_6' title='bbox 598 401 851 468; x_wconf 83' lang='lat' dir='ltr'>immundorum</span> <span class='ocrx_word' id='word_1_7' title='bbox 873 399 1061 490; x_wconf 71' lang='lat' dir='ltr'>spirituum</span> <span class='ocrx_word' id='word_1_8' title='bbox 1081 399 1246 486; x_wconf 83' lang='lat' dir='ltr'>nequitia,</span> <span class='ocrx_word' id='word_1_9' title='bbox 1276 401 1330 466; x_wconf 83' lang='lat' dir='ltr'>seu·</span> <span class='ocrx_word' id='word_1_10' title='bbox 1343 405 1392 468; x_wconf 87' lang='lat' dir='ltr'>bo·</span> 
     </span>
     <span class='ocr_line' id='line_1_3' title="bbox 311 485 1393 573; baseline -0.004 -19"><span class='ocrx_word' id='word_1_11' title='bbox 311 489 445 570; x_wconf 80' lang='lat' dir='ltr'>minum</span> <span class='ocrx_word' id='word_1_12' title='bbox 476 485 662 573; x_wconf 87' lang='lat' dir='ltr'>impiorum</span> <span class='ocrx_word' id='word_1_13' title='bbox 691 486 935 552; x_wconf 76' lang='lat' dir='ltr'>irrationabiles</span> <span class='ocrx_word' id='word_1_14' title='bbox 963 501 1076 549; x_wconf 85' lang='lat' dir='ltr'>motus</span> <span class='ocrx_word' id='word_1_15' title='bbox 1109 503 1180 548; x_wconf 90' lang='lat' dir='ltr'>non</span> <span class='ocrx_word' id='word_1_16' title='bbox 1203 485 1308 549; x_wconf 74' lang='lat' dir='ltr'>»solum</span> <span class='ocrx_word' id='word_1_17' title='bbox 1334 506 1393 550; x_wconf 86' lang='lat' dir='ltr'>non</span> 
     </span>
     <span class='ocr_line' id='line_1_4' title="bbox 245 567 1392 654; baseline -0.007 -16"><span class='ocrx_word' id='word_1_18' title='bbox 245 585 246 588; x_wconf 76' lang='grc'>’</span> <span class='ocrx_word' id='word_1_19' title='bbox 315 569 566 644; x_wconf 80' lang='lat' dir='ltr'>contaminant,</span> <span class='ocrx_word' id='word_1_20' title='bbox 598 591 715 644; x_wconf 81' lang='lat' dir='ltr'>rerum</span> <span class='ocrx_word' id='word_1_21' title='bbox 744 569 845 634; x_wconf 87' lang='lat' dir='ltr'>etiam</span> <span class='ocrx_word' id='word_1_22' title='bbox 877 572 1054 654; x_wconf 79' lang='lat' dir='ltr'><strong>adaugent.</strong></span> <span class='ocrx_word' id='word_1_23' title='bbox 1103 567 1204 631; x_wconf 86' lang='lat' dir='ltr'>Nulla</span> <span class='ocrx_word' id='word_1_24' title='bbox 1236 569 1316 632; x_wconf 87' lang='lat' dir='ltr'>euim</span> <span class='ocrx_word' id='word_1_25' title='bbox 1354 571 1392 630; x_wconf 88' lang='lat' dir='ltr'>ul·</span> 
     </span>
     <span class='ocr_line' id='line_1_5' title="bbox 314 593 1395 738; baseline -0.007 -17"><span class='ocrx_word' id='word_1_26' title='bbox 314 655 449 721; x_wconf 86' lang='lat' dir='ltr'>critudo</span> <span class='ocrx_word' id='word_1_27' title='bbox 473 651 631 728; x_wconf 79' lang='lat' dir='ltr'>efficitur,</span> <span class='ocrx_word' id='word_1_28' title='bbox 656 653 718 717; x_wconf 87' lang='lat' dir='ltr'>nili</span> <span class='ocrx_word' id='word_1_29' title='bbox 740 675 780 716; x_wconf 85' lang='lat' dir='ltr'>ex</span> <span class='ocrx_word' id='word_1_30' title='bbox 801 650 1095 738; x_wconf 62' lang='lat' dir='ltr'>compaginatione</span> <span class='ocrx_word' id='word_1_31' title='bbox 1114 649 1268 718; x_wconf 81' lang='lat' dir='ltr'>similium</span> <span class='ocrx_word' id='word_1_32' title='bbox 1281 666 1311 715; x_wconf 87' lang='lat' dir='ltr'>et</span> <span class='ocrx_word' id='word_1_33' title='bbox 1326 593 1395 715; x_wconf 78' lang='lat' dir='ltr'>iiffi·</span> 
     </span>
     <span class='ocr_line' id='line_1_6' title="bbox 313 735 1396 822; baseline -0.006 -19"><span class='ocrx_word' id='word_1_34' title='bbox 313 737 448 803; x_wconf 79' lang='lat' dir='ltr'>milium</span> <span class='ocrx_word' id='word_1_35' title='bbox 475 735 719 802; x_wconf 86' lang='lat' dir='ltr'>contrariorum</span> <span class='ocrx_word' id='word_1_36' title='bbox 749 751 783 801; x_wconf 89' lang='lat' dir='ltr'>ct</span> <span class='ocrx_word' id='word_1_37' title='bbox 816 757 835 800; x_wconf 93' lang='grc' dir='ltr'>ο</span> <span class='ocrx_word' id='word_1_38' title='bbox 861 737 1061 822; x_wconf 71' lang='lat' dir='ltr'>pomorum,</span> <span class='ocrx_word' id='word_1_39' title='bbox 1081 755 1200 820; x_wconf 89' lang='lat' dir='ltr'>neque</span> <span class='ocrx_word' id='word_1_40' title='bbox 1222 749 1324 798; x_wconf 83' lang='lat' dir='ltr'>tautae</span> <span class='ocrx_word' id='word_1_41' title='bbox 1340 736 1396 797; x_wconf 90' lang='lat' dir='ltr'>lau·</span> 
     </span>
     <span class='ocr_line' id='line_1_7' title="bbox 317 759 1397 904; baseline -0.006 -19"><span class='ocrx_word' id='word_1_42' title='bbox 317 820 368 886; x_wconf 86' lang='lat' dir='ltr'>dis</span> <span class='ocrx_word' id='word_1_43' title='bbox 391 823 469 885; x_wconf 84' lang='lat' dir='ltr'>ellet</span> <span class='ocrx_word' id='word_1_44' title='bbox 489 825 637 894; x_wconf 82' lang='lat' dir='ltr'>bonum,</span> <span class='ocrx_word' id='word_1_45' title='bbox 658 821 682 884; x_wconf 84' lang='lat' dir='ltr'>st</span> <span class='ocrx_word' id='word_1_46' title='bbox 703 840 772 882; x_wconf 89' lang='lat' dir='ltr'>non</span> <span class='ocrx_word' id='word_1_47' title='bbox 796 759 874 882; x_wconf 60' lang='lat' dir='ltr'>enit</span> <span class='ocrx_word' id='word_1_48' title='bbox 894 815 1099 904; x_wconf 88' lang='lat' dir='ltr'>comparatio</span> <span class='ocrx_word' id='word_1_49' title='bbox 1118 839 1157 880; x_wconf 83' lang='lat' dir='ltr'>ex</span> <span class='ocrx_word' id='word_1_50' title='bbox 1173 816 1397 904; x_wconf 84' lang='lat' dir='ltr'>vituperatione</span> 
     </span>
     <span class='ocr_line' id='line_1_8' title="bbox 315 900 1397 989; baseline -0.007 -21"><span class='ocrx_word' id='word_1_51' title='bbox 315 903 409 969; x_wconf 83' lang='lat' dir='ltr'>mali.</span> <span class='ocrx_word' id='word_1_52' title='bbox 451 907 598 989; x_wconf 85' lang='lat' dir='ltr'>Ideoque</span> <span class='ocrx_word' id='word_1_53' title='bbox 621 906 712 988; x_wconf 90' lang='lat' dir='ltr'>quod</span> <span class='ocrx_word' id='word_1_54' title='bbox 732 904 857 966; x_wconf 87' lang='lat' dir='ltr'>malum</span> <span class='ocrx_word' id='word_1_55' title='bbox 880 901 1023 975; x_wconf 87' lang='lat' dir='ltr'>dicitur,</span> <span class='ocrx_word' id='word_1_56' title='bbox 1050 904 1128 964; x_wconf 89' lang='lat' dir='ltr'>dum</span> <span class='ocrx_word' id='word_1_57' title='bbox 1148 921 1208 978; x_wconf 86' lang='lat' dir='ltr'>per</span> <span class='ocrx_word' id='word_1_58' title='bbox 1227 901 1261 972; x_wconf 82' lang='lat' dir='ltr'>¹le</span> <span class='ocrx_word' id='word_1_59' title='bbox 1276 900 1397 965; x_wconf 73' lang='lat' dir='ltr'>confide</span> 
     </span>
     <span class='ocr_line' id='line_1_9' title="bbox 264 983 1398 1072; baseline -0.007 -21"><span class='ocrx_word' id='word_1_60' title='bbox 264 1016 267 1025; x_wconf 71' lang='lat'>,</span> <span class='ocrx_word' id='word_1_61' title='bbox 313 1002 426 1063; x_wconf 88' lang='lat' dir='ltr'>ratur,</span> <span class='ocrx_word' id='word_1_62' title='bbox 457 987 688 1072; x_wconf 54' lang='lat' dir='ltr'>vituperatum</span> <span class='ocrx_word' id='word_1_63' title='bbox 726 989 805 1050; x_wconf 92' lang='lat' dir='ltr'>dum</span> <span class='ocrx_word' id='word_1_64' title='bbox 826 1006 908 1049; x_wconf 84' lang='lat' dir='ltr'>vero</span> <span class='ocrx_word' id='word_1_65' title='bbox 930 1007 969 1049; x_wconf 87' lang='lat' dir='ltr'>ex</span> <span class='ocrx_word' id='word_1_66' title='bbox 991 987 1060 1063; x_wconf 83' lang='lat' dir='ltr'>ejus</span> <span class='ocrx_word' id='word_1_67' title='bbox 1083 984 1335 1050; x_wconf 83' lang='lat' dir='ltr'>consideratione</span> <span class='ocrx_word' id='word_1_68' title='bbox 1351 983 1398 1044; x_wconf 90' lang='lat' dir='ltr'>bo·</span> 
     </span>
    </p>
   </div>
   <div class='ocr_carea' id='block_1_3' title="bbox 207 1066 1398 1232">
    <p class='ocr_par' dir='ltr' id='par_1_3' title="bbox 207 1066 1398 1232">
     <span class='ocr_line' id='line_1_10' title="bbox 207 1066 1398 1153; baseline -0.007 -19"><span class='ocrx_word' id='word_1_69' title='bbox 207 1117 209 1123; x_wconf 35' lang='lat' dir='ltr'>s</span> <span class='ocrx_word' id='word_1_70' title='bbox 315 1093 399 1134; x_wconf 88' lang='lat' dir='ltr'>num</span> <span class='ocrx_word' id='word_1_71' title='bbox 421 1071 598 1144; x_wconf 88' lang='lat' dir='ltr'>laudatur,</span> <span class='ocrx_word' id='word_1_72' title='bbox 618 1090 698 1133; x_wconf 91' lang='lat' dir='ltr'>non</span> <span class='ocrx_word' id='word_1_73' title='bbox 723 1067 864 1134; x_wconf 82' lang='lat' dir='ltr'>omnino</span> <span class='ocrx_word' id='word_1_74' title='bbox 886 1066 1108 1153; x_wconf 81' lang='lat' dir='ltr'>vituperabile</span> <span class='ocrx_word' id='word_1_75' title='bbox 1131 1067 1275 1130; x_wconf 84' lang='lat' dir='ltr'>videtur.</span> <span class='ocrx_word' id='word_1_76' title='bbox 1314 1067 1398 1149; x_wconf 88' lang='lat' dir='ltr'>Quod</span> 
     </span>
     <span class='ocr_line' id='line_1_11' title="bbox 212 1148 1397 1232; baseline -0.008 -15"><span class='ocrx_word' id='word_1_77' title='bbox 212 1225 219 1232; x_wconf 57' lang='grc'><strong>,</strong></span> <span class='ocrx_word' id='word_1_78' title='bbox 317 1152 409 1216; x_wconf 87' lang='lat' dir='ltr'>enim</span> <span class='ocrx_word' id='word_1_79' title='bbox 437 1152 520 1217; x_wconf 91' lang='lat' dir='ltr'>boni</span> <span class='ocrx_word' id='word_1_80' title='bbox 547 1154 681 1217; x_wconf 91' lang='lat' dir='ltr'>laudem</span> <span class='ocrx_word' id='word_1_81' title='bbox 714 1154 880 1227; x_wconf 83' lang='lat' dir='ltr'>cumulat,</span> <span class='ocrx_word' id='word_1_82' title='bbox 913 1172 985 1215; x_wconf 89' lang='lat' dir='ltr'>non</span> <span class='ocrx_word' id='word_1_83' title='bbox 1021 1148 1159 1214; x_wconf 88' lang='lat' dir='ltr'>omnino</span> <span class='ocrx_word' id='word_1_84' title='bbox 1193 1152 1289 1214; x_wconf 87' lang='lat' dir='ltr'>laude</span> <span class='ocrx_word' id='word_1_85' title='bbox 1313 1161 1397 1211; x_wconf 87' lang='lat' dir='ltr'>caret.</span> 
     </span>
    </p>
   </div>
   <div class='ocr_carea' id='block_1_4' title="bbox 218 1231 1403 2236">
    <p class='ocr_par' dir='ltr' id='par_1_4' title="bbox 218 1231 1403 2236">
     <span class='ocr_line' id='line_1_12' title="bbox 316 1231 1399 1321; baseline -0.01 -20"><span class='ocrx_word' id='word_1_86' title='bbox 316 1234 483 1321; x_wconf 85' lang='lat' dir='ltr'>Nunquid</span> <span class='ocrx_word' id='word_1_87' title='bbox 506 1235 658 1300; x_wconf 86' lang='lat' dir='ltr'>omnium</span> <span class='ocrx_word' id='word_1_88' title='bbox 682 1233 1036 1316; x_wconf 68' lang='lat' dir='ltr'>bonorumgconditor,</span> <span class='ocrx_word' id='word_1_89' title='bbox 1060 1237 1223 1298; x_wconf 87' lang='lat' dir='ltr'>malorum</span> <span class='ocrx_word' id='word_1_90' title='bbox 1240 1231 1399 1302; x_wconf 81' lang='lat' dir='ltr'>ordinator,</span> 
     </span>
     <span class='ocr_line' id='line_1_13' title="bbox 315 1311 1399 1403; baseline -0.006 -21"><span class='ocrx_word' id='word_1_91' title='bbox 315 1317 354 1383; x_wconf 92' lang='lat' dir='ltr'>iu</span> <span class='ocrx_word' id='word_1_92' title='bbox 377 1318 612 1400; x_wconf 81' lang='lat' dir='ltr'>universitate,</span> <span class='ocrx_word' id='word_1_93' title='bbox 650 1339 749 1403; x_wconf 87' lang='lat' dir='ltr'>quam</span> <span class='ocrx_word' id='word_1_94' title='bbox 771 1317 943 1392; x_wconf 89' lang='lat' dir='ltr'>condidit,</span> <span class='ocrx_word' id='word_1_95' title='bbox 978 1317 1102 1380; x_wconf 87' lang='lat' dir='ltr'>malum</span> <span class='ocrx_word' id='word_1_96' title='bbox 1125 1317 1260 1390; x_wconf 84' lang='lat' dir='ltr'>smeret,</span> <span class='ocrx_word' id='word_1_97' title='bbox 1291 1311 1399 1378; x_wconf 81' lang='lat' dir='ltr'>finlhil</span> 
     </span>
     <span class='ocr_line' id='line_1_14' title="bbox 313 1398 1401 1486; baseline -0.006 -22"><span class='ocrx_word' id='word_1_98' title='bbox 313 1401 474 1469; x_wconf 76' lang='lat' dir='ltr'>utilitatis</span> <span class='ocrx_word' id='word_1_99' title='bbox 509 1401 708 1486; x_wconf 63' lang='lat' dir='ltr'>conferret?</span> <span class='ocrx_word' id='word_1_100' title='bbox 738 1402 838 1486; x_wconf 88' lang='lat' dir='ltr'>Quod</span> <span class='ocrx_word' id='word_1_101' title='bbox 869 1401 969 1464; x_wconf 89' lang='lat' dir='ltr'>etiam</span> <span class='ocrx_word' id='word_1_102' title='bbox 992 1421 1030 1462; x_wconf 85' lang='lat' dir='ltr'>ex</span> <span class='ocrx_word' id='word_1_103' title='bbox 1055 1398 1289 1464; x_wconf 71' lang='lat' dir='ltr'>collationibus</span> <span class='ocrx_word' id='word_1_104' title='bbox 1309 1417 1401 1460; x_wconf 84' lang='lat' dir='ltr'>rerum</span> 
     </span>
     <span class='ocr_line' id='line_1_15' title="bbox 316 1479 1400 1562; baseline -0.008 -14"><span class='ocrx_word' id='word_1_105' title='bbox 316 1485 520 1549; x_wconf 85' lang='lat' dir='ltr'>sensibilium</span> <span class='ocrx_word' id='word_1_106' title='bbox 549 1500 607 1548; x_wconf 92' lang='lat' dir='ltr'>aut</span> <span class='ocrx_word' id='word_1_107' title='bbox 644 1505 683 1548; x_wconf 85' lang='lat' dir='ltr'>ex</span> <span class='ocrx_word' id='word_1_108' title='bbox 704 1483 1030 1562; x_wconf 84' lang='lat' dir='ltr'>humanismoribua</span> <span class='ocrx_word' id='word_1_109' title='bbox 1055 1483 1212 1548; x_wconf 82' lang='lat' dir='ltr'>facillime</span> <span class='ocrx_word' id='word_1_110' title='bbox 1235 1479 1400 1558; x_wconf 83' lang='lat' dir='ltr'>coniicitur.</span> 
     </span>
     <span class='ocr_line' id='line_1_16' title="bbox 316 1563 1401 1654; baseline -0.007 -24"><span class='ocrx_word' id='word_1_111' title='bbox 316 1569 368 1631; x_wconf 82' lang='lat' dir='ltr'>Ex</span> <span class='ocrx_word' id='word_1_112' title='bbox 395 1567 603 1635; x_wconf 80' lang='lat' dir='ltr'>infructuoso</span> <span class='ocrx_word' id='word_1_113' title='bbox 632 1568 759 1654; x_wconf 84' lang='lat' dir='ltr'>quippe</span> <span class='ocrx_word' id='word_1_114' title='bbox 787 1567 881 1653; x_wconf 87' lang='lat' dir='ltr'>ligno</span> <span class='ocrx_word' id='word_1_115' title='bbox 914 1565 1078 1630; x_wconf 83' lang='lat' dir='ltr'>fructiferi</span> <span class='ocrx_word' id='word_1_116' title='bbox 1099 1569 1171 1630; x_wconf 84' lang='lat' dir='ltr'>laus</span> <span class='ocrx_word' id='word_1_117' title='bbox 1193 1563 1401 1652; x_wconf 80' lang='lat' dir='ltr'>amplificatur,</span> 
     </span>
     <span class='ocr_line' id='line_1_17' title="bbox 316 1649 1401 1736; baseline -0.008 -22"><span class='ocrx_word' id='word_1_118' title='bbox 316 1671 359 1714; x_wconf 85' lang='lat' dir='ltr'>ex</span> <span class='ocrx_word' id='word_1_119' title='bbox 394 1650 575 1715; x_wconf 88' lang='lat' dir='ltr'>libidinoso</span> <span class='ocrx_word' id='word_1_120' title='bbox 599 1651 739 1716; x_wconf 88' lang='lat' dir='ltr'>homine</span> <span class='ocrx_word' id='word_1_121' title='bbox 761 1650 848 1716; x_wconf 86' lang='lat' dir='ltr'>calli.</span> <span class='ocrx_word' id='word_1_122' title='bbox 886 1653 927 1713; x_wconf 92' lang='lat' dir='ltr'>ln</span> <span class='ocrx_word' id='word_1_123' title='bbox 951 1649 1239 1736; x_wconf 70' lang='lat' dir='ltr'>paradiio&#39;itaquc</span> <span class='ocrx_word' id='word_1_124' title='bbox 1259 1653 1401 1712; x_wconf 84' lang='lat' dir='ltr'>humanae</span> 
     </span>
     <span class='ocr_line' id='line_1_18' title="bbox 315 1728 1401 1830; baseline -0.006 -33"><span class='ocrx_word' id='word_1_125' title='bbox 315 1747 456 1798; x_wconf 85' lang='lat' dir='ltr'>naturae</span> <span class='ocrx_word' id='word_1_126' title='bbox 477 1734 709 1820; x_wconf 88' lang='lat' dir='ltr'>unusquisque</span> <span class='ocrx_word' id='word_1_127' title='bbox 730 1737 842 1799; x_wconf 91' lang='lat' dir='ltr'>locum</span> <span class='ocrx_word' id='word_1_128' title='bbox 862 1733 957 1796; x_wconf 85' lang='lat' dir='ltr'>sunm</span> <span class='ocrx_word' id='word_1_129' title='bbox 973 1734 1156 1798; x_wconf 84' lang='lat' dir='ltr'>secundum</span> <span class='ocrx_word' id='word_1_130' title='bbox 1171 1728 1401 1830; x_wconf 82' lang='lat' dir='ltr'>proportionem</span> 
     </span>
     <span class='ocr_line' id='line_1_19' title="bbox 317 1811 1402 1902; baseline -0.008 -20"><span class='ocrx_word' id='word_1_131' title='bbox 317 1817 582 1890; x_wconf 84' lang='lat' dir='ltr'>conversationis</span> <span class='ocrx_word' id='word_1_132' title='bbox 612 1818 688 1880; x_wconf 85' lang='lat' dir='ltr'>suae</span> <span class='ocrx_word' id='word_1_133' title='bbox 722 1817 758 1882; x_wconf 92' lang='lat' dir='ltr'>in</span> <span class='ocrx_word' id='word_1_134' title='bbox 787 1821 851 1880; x_wconf 90' lang='lat' dir='ltr'>hac</span> <span class='ocrx_word' id='word_1_135' title='bbox 877 1816 946 1879; x_wconf 82' lang='lat' dir='ltr'>vita</span> <span class='ocrx_word' id='word_1_136' title='bbox 975 1815 1170 1902; x_wconf 82' lang='lat' dir='ltr'>poffidebit3</span> <span class='ocrx_word' id='word_1_137' title='bbox 1203 1816 1261 1880; x_wconf 82' lang='lat' dir='ltr'>alti</span> <span class='ocrx_word' id='word_1_138' title='bbox 1283 1811 1402 1878; x_wconf 83' lang='lat' dir='ltr'>exterius</span> 
     </span>
     <span class='ocr_line' id='line_1_20' title="bbox 218 1894 1401 1998; baseline -0.007 -36"><span class='ocrx_word' id='word_1_139' title='bbox 218 1897 223 1910; x_wconf 94' lang='lat'>&#39;</span> <span class='ocrx_word' id='word_1_140' title='bbox 310 1901 427 1971; x_wconf 47' lang='lat' dir='ltr'>‘veluti</span> <span class='ocrx_word' id='word_1_141' title='bbox 456 1900 492 1964; x_wconf 88' lang='lat' dir='ltr'>in</span> <span class='ocrx_word' id='word_1_142' title='bbox 527 1900 681 1965; x_wconf 83' lang='lat' dir='ltr'>extremis</span> <span class='ocrx_word' id='word_1_143' title='bbox 710 1900 918 1998; x_wconf 87' lang='lat' dir='ltr'>porticibus,</span> <span class='ocrx_word' id='word_1_144' title='bbox 951 1899 1007 1962; x_wconf 88' lang='lat' dir='ltr'>alii</span> <span class='ocrx_word' id='word_1_145' title='bbox 1035 1899 1178 1963; x_wconf 86' lang='lat' dir='ltr'>interius</span> <span class='ocrx_word' id='word_1_146' title='bbox 1209 1915 1357 1983; x_wconf 88' lang='lat' dir='ltr'>tanquam</span> <span class='ocrx_word' id='word_1_147' title='bbox 1374 1894 1401 1955; x_wconf 91' lang='lat' dir='ltr'>in</span> 
     </span>
     <span class='ocr_line' id='line_1_21' title="bbox 317 1975 1402 2069; baseline -0.006 -25"><span class='ocrx_word' id='word_1_148' title='bbox 317 1981 619 2069; x_wconf 73' lang='lat' dir='ltr'>propinquioribus</span> <span class='ocrx_word' id='word_1_149' title='bbox 650 1985 743 2048; x_wconf 82' lang='lat' dir='ltr'>atrita</span> <span class='ocrx_word' id='word_1_150' title='bbox 780 1983 915 2048; x_wconf 86' lang='lat' dir='ltr'>divinae</span> <span class='ocrx_word' id='word_1_151' title='bbox 948 1981 1262 2067; x_wconf 73' lang='lat' dir='ltr'>contemplationis,</span> <span class='ocrx_word' id='word_1_152' title='bbox 1303 1977 1353 2056; x_wconf 85' lang='lat' dir='ltr'>alji</span> <span class='ocrx_word' id='word_1_153' title='bbox 1374 1975 1402 2038; x_wconf 89' lang='lat' dir='ltr'>in</span> 
     </span>
     <span class='ocr_line' id='line_1_22' title="bbox 316 2057 1403 2152; baseline -0.008 -23"><span class='ocrx_word' id='word_1_154' title='bbox 316 2065 525 2150; x_wconf 86' lang='lat' dir='ltr'>ampliffimis</span> <span class='ocrx_word' id='word_1_155' title='bbox 557 2064 750 2132; x_wconf 82' lang='lat' dir='ltr'>divinorum</span> <span class='ocrx_word' id='word_1_156' title='bbox 779 2066 1008 2150; x_wconf 84' lang='lat' dir='ltr'>mysteriorum</span> <span class='ocrx_word' id='word_1_157' title='bbox 1031 2066 1181 2152; x_wconf 85' lang='lat' dir='ltr'>templis,</span> <span class='ocrx_word' id='word_1_158' title='bbox 1215 2064 1271 2128; x_wconf 88' lang='lat' dir='ltr'>alii</span> <span class='ocrx_word' id='word_1_159' title='bbox 1291 2063 1324 2126; x_wconf 90' lang='lat' dir='ltr'>in</span> <span class='ocrx_word' id='word_1_160' title='bbox 1343 2057 1403 2123; x_wconf 86' lang='lat' dir='ltr'>inti·</span> 
     </span>
     <span class='ocr_line' id='line_1_23' title="bbox 257 2143 1403 2236; baseline -0.007 -24"><span class='ocrx_word' id='word_1_161' title='bbox 257 2183 261 2190; x_wconf 93' lang='lat'><em>·</em></span> <span class='ocrx_word' id='word_1_162' title='bbox 318 2147 384 2212; x_wconf 89' lang='lat' dir='ltr'>mis</span> <span class='ocrx_word' id='word_1_163' title='bbox 407 2150 505 2232; x_wconf 88' lang='lat' dir='ltr'>super</span> <span class='ocrx_word' id='word_1_164' title='bbox 528 2168 661 2212; x_wconf 85' lang='lat' dir='ltr'>omnem</span> <span class='ocrx_word' id='word_1_165' title='bbox 684 2167 837 2214; x_wconf 90' lang='lat' dir='ltr'>naturam</span> <span class='ocrx_word' id='word_1_166' title='bbox 861 2149 897 2212; x_wconf 91' lang='lat' dir='ltr'>in</span> <span class='ocrx_word' id='word_1_167' title='bbox 920 2150 993 2236; x_wconf 89' lang='lat' dir='ltr'>ipso</span> <span class='ocrx_word' id='word_1_168' title='bbox 1015 2165 1146 2213; x_wconf 87' lang='lat' dir='ltr'>etcum</span> <span class='ocrx_word' id='word_1_169' title='bbox 1169 2148 1261 2235; x_wconf 88' lang='lat' dir='ltr'>ipso,</span> <span class='ocrx_word' id='word_1_170' title='bbox 1297 2143 1403 2232; x_wconf 84' lang='lat' dir='ltr'>quila·</span> 
     </span>
    </p>
   </div>
   <div class='ocr_carea' id='block_1_5' title="bbox 122 2225 1405 2318">
    <p class='ocr_par' dir='ltr' id='par_1_5' title="bbox 122 2225 1405 2318">
     <span class='ocr_line' id='line_1_24' title="bbox 122 2225 1405 2318; baseline -0.027 2"><span class='ocrx_word' id='word_1_171' title='bbox 122 2229 125 2234; x_wconf 24' lang='grc' dir='ltr'>Ι</span> <span class='ocrx_word' id='word_1_172' title='bbox 244 2281 246 2284; x_wconf 93' lang='grc'><strong><em>·</em></strong></span> <span class='ocrx_word' id='word_1_173' title='bbox 317 2231 569 2316; x_wconf 63' lang='grc' dir='ltr'>Ρθῐ·θῘῘθῐ1ῑὶε]ἰε</span> <span class='ocrx_word' id='word_1_174' title='bbox 600 2248 633 2295; x_wconf 91' lang='lat' dir='ltr'>et</span> <span class='ocrx_word' id='word_1_175' title='bbox 664 2231 935 2318; x_wconf 85' lang='lat' dir='ltr'>super-naturalis</span> <span class='ocrx_word' id='word_1_176' title='bbox 958 2231 1017 2305; x_wconf 88' lang='lat' dir='ltr'>cll,</span> <span class='ocrx_word' id='word_1_177' title='bbox 1047 2231 1290 2317; x_wconf 86' lang='lat' dir='ltr'>Theophaniis.</span> <span class='ocrx_word' id='word_1_178' title='bbox 1328 2225 1405 2292; x_wconf 84' lang='lat' dir='ltr'>Beati</span> 
     </span>
    </p>
   </div>
   <div class='ocr_carea' id='block_1_6' title="bbox 317 2312 1410 3058">
    <p class='ocr_par' dir='ltr' id='par_1_6' title="bbox 317 2312 1410 3058">
     <span class='ocr_line' id='line_1_25' title="bbox 318 2312 1403 2402; baseline -0.004 -26"><span class='ocrx_word' id='word_1_179' title='bbox 318 2315 416 2388; x_wconf 90' lang='lat' dir='ltr'>sunt,</span> <span class='ocrx_word' id='word_1_180' title='bbox 442 2313 500 2399; x_wconf 88' lang='lat' dir='ltr'>qui</span> <span class='ocrx_word' id='word_1_181' title='bbox 522 2314 557 2376; x_wconf 92' lang='lat' dir='ltr'>in</span> <span class='ocrx_word' id='word_1_182' title='bbox 582 2313 693 2382; x_wconf 87' lang='lat' dir='ltr'>abdita</span> <span class='ocrx_word' id='word_1_183' title='bbox 715 2315 843 2380; x_wconf 90' lang='lat' dir='ltr'>intrant</span> <span class='ocrx_word' id='word_1_184' title='bbox 865 2315 1066 2402; x_wconf 81' lang='lat' dir='ltr'>sapientiae,</span> <span class='ocrx_word' id='word_1_185' title='bbox 1090 2337 1175 2401; x_wconf 90' lang='lat' dir='ltr'>quac</span> <span class='ocrx_word' id='word_1_186' title='bbox 1197 2316 1241 2378; x_wconf 87' lang='lat' dir='ltr'>eil</span> <span class='ocrx_word' id='word_1_187' title='bbox 1263 2312 1403 2381; x_wconf 78' lang='lat' dir='ltr'>Cbrillus3</span> 
     </span>
     <span class='ocr_line' id='line_1_26' title="bbox 319 2395 1405 2482; baseline -0.006 -24"><span class='ocrx_word' id='word_1_188' title='bbox 319 2396 378 2482; x_wconf 91' lang='lat' dir='ltr'>qui</span> <span class='ocrx_word' id='word_1_189' title='bbox 415 2400 581 2461; x_wconf 89' lang='lat' dir='ltr'>accedunt</span> <span class='ocrx_word' id='word_1_190' title='bbox 610 2395 646 2460; x_wconf 92' lang='lat' dir='ltr'>in</span> <span class='ocrx_word' id='word_1_191' title='bbox 678 2397 919 2463; x_wconf 84' lang='lat' dir='ltr'>obscurissimaa</span> <span class='ocrx_word' id='word_1_192' title='bbox 956 2401 1107 2464; x_wconf 86' lang='lat' dir='ltr'>tenebras</span> <span class='ocrx_word' id='word_1_193' title='bbox 1141 2395 1405 2475; x_wconf 83' lang='lat' dir='ltr'>excellentiffimae</span> 
     </span>
     <span class='ocr_line' id='line_1_27' title="bbox 317 2477 1404 2566; baseline -0.006 -22"><span class='ocrx_word' id='word_1_194' title='bbox 317 2477 423 2554; x_wconf 83' lang='lat' dir='ltr'>lucia,</span> <span class='ocrx_word' id='word_1_195' title='bbox 446 2479 483 2543; x_wconf 90' lang='lat' dir='ltr'>in</span> <span class='ocrx_word' id='word_1_196' title='bbox 506 2501 570 2566; x_wconf 88' lang='lat' dir='ltr'>qua</span> <span class='ocrx_word' id='word_1_197' title='bbox 592 2480 685 2543; x_wconf 77' lang='lat' dir='ltr'>simul</span> <span class='ocrx_word' id='word_1_198' title='bbox 709 2480 745 2544; x_wconf 88' lang='lat' dir='ltr'>in</span> <span class='ocrx_word' id='word_1_199' title='bbox 768 2483 869 2548; x_wconf 86' lang='lat' dir='ltr'>caufis</span> <span class='ocrx_word' id='word_1_200' title='bbox 892 2481 957 2546; x_wconf 86' lang='lat' dir='ltr'>suis</span> <span class='ocrx_word' id='word_1_201' title='bbox 979 2480 1099 2546; x_wconf 87' lang='lat' dir='ltr'>vident</span> <span class='ocrx_word' id='word_1_202' title='bbox 1121 2482 1256 2563; x_wconf 85' lang='lat' dir='ltr'>omniu3</span> <span class='ocrx_word' id='word_1_203' title='bbox 1277 2479 1331 2543; x_wconf 90' lang='lat' dir='ltr'>ubi</span> <span class='ocrx_word' id='word_1_204' title='bbox 1349 2496 1404 2539; x_wconf 91' lang='lat' dir='ltr'>nou</span> 
     </span>
     <span class='ocr_line' id='line_1_28' title="bbox 317 2564 1406 2650; baseline -0.006 -23"><span class='ocrx_word' id='word_1_205' title='bbox 317 2565 471 2630; x_wconf 87' lang='lat' dir='ltr'>locorum</span> <span class='ocrx_word' id='word_1_206' title='bbox 493 2565 546 2626; x_wconf 87' lang='lat' dir='ltr'>vel</span> <span class='ocrx_word' id='word_1_207' title='bbox 569 2577 758 2650; x_wconf 84' lang='lat' dir='ltr'>temporum</span> <span class='ocrx_word' id='word_1_208' title='bbox 780 2565 955 2632; x_wconf 87' lang='lat' dir='ltr'>intervalla</span> <span class='ocrx_word' id='word_1_209' title='bbox 975 2568 1082 2630; x_wconf 83' lang='lat' dir='ltr'>bonos</span> <span class='ocrx_word' id='word_1_210' title='bbox 1104 2587 1121 2628; x_wconf 89' lang='lat' dir='ltr'>a</span> <span class='ocrx_word' id='word_1_211' title='bbox 1140 2566 1257 2636; x_wconf 82' lang='lat' dir='ltr'>malis,</span> <span class='ocrx_word' id='word_1_212' title='bbox 1280 2564 1332 2627; x_wconf 85' lang='lat' dir='ltr'>led</span> <span class='ocrx_word' id='word_1_213' title='bbox 1353 2581 1406 2623; x_wconf 87' lang='lat' dir='ltr'>mc·</span> 
     </span>
     <span class='ocr_line' id='line_1_29' title="bbox 317 2645 1407 2736; baseline -0.007 -27"><span class='ocrx_word' id='word_1_214' title='bbox 317 2645 465 2710; x_wconf 87' lang='lat' dir='ltr'>ritorum</span> <span class='ocrx_word' id='word_1_215' title='bbox 493 2645 644 2711; x_wconf 78' lang='lat' dir='ltr'>distantia</span> <span class='ocrx_word' id='word_1_216' title='bbox 674 2649 706 2712; x_wconf 86' lang='lat' dir='ltr'>le</span> <span class='ocrx_word' id='word_1_217' title='bbox 729 2665 832 2736; x_wconf 82' lang='lat' dir='ltr'>regat.</span> <span class='ocrx_word' id='word_1_218' title='bbox 874 2651 952 2712; x_wconf 89' lang='lat' dir='ltr'>Non</span> <span class='ocrx_word' id='word_1_219' title='bbox 989 2647 1158 2734; x_wconf 81' lang='lat' dir='ltr'>quantitas</span> <span class='ocrx_word' id='word_1_220' title='bbox 1180 2665 1215 2711; x_wconf 89' lang='lat' dir='ltr'>et</span> <span class='ocrx_word' id='word_1_221' title='bbox 1236 2645 1407 2734; x_wconf 83' lang='lat' dir='ltr'>pulcritudo</span> 
     </span>
     <span class='ocr_line' id='line_1_30' title="bbox 318 2671 1406 2818; baseline 0.003 -25"><span class='ocrx_word' id='word_1_222' title='bbox 318 2749 518 2814; x_wconf 89' lang='lat' dir='ltr'>corporum,</span> <span class='ocrx_word' id='word_1_223' title='bbox 542 2730 598 2793; x_wconf 88' lang='lat' dir='ltr'>sed</span> <span class='ocrx_word' id='word_1_224' title='bbox 618 2671 770 2797; x_wconf 66' lang='lat' dir='ltr'>bonellas</span> <span class='ocrx_word' id='word_1_225' title='bbox 791 2747 825 2795; x_wconf 88' lang='lat' dir='ltr'>et</span> <span class='ocrx_word' id='word_1_226' title='bbox 844 2732 1043 2818; x_wconf 83' lang='lat' dir='ltr'>magnitudo</span> <span class='ocrx_word' id='word_1_227' title='bbox 1064 2731 1231 2794; x_wconf 81' lang='lat' dir='ltr'>virtutum</span> <span class='ocrx_word' id='word_1_228' title='bbox 1253 2732 1406 2795; x_wconf 61' lang='lat' dir='ltr'>laudatum</span> 
     </span>
     <span class='ocr_line' id='line_1_31' title="bbox 317 2813 1407 2910; baseline -0.005 -34"><span class='ocrx_word' id='word_1_229' title='bbox 317 2833 389 2910; x_wconf 34' lang='lat' dir='ltr'>n‘on</span> <span class='ocrx_word' id='word_1_230' title='bbox 418 2813 651 2897; x_wconf 86' lang='lat' dir='ltr'>personarum,</span> <span class='ocrx_word' id='word_1_231' title='bbox 683 2816 739 2879; x_wconf 87' lang='lat' dir='ltr'>sed</span> <span class='ocrx_word' id='word_1_232' title='bbox 770 2837 901 2880; x_wconf 89' lang='lat' dir='ltr'>morum</span> <span class='ocrx_word' id='word_1_233' title='bbox 925 2813 1071 2901; x_wconf 83' lang='lat' dir='ltr'>dignitas</span> <span class='ocrx_word' id='word_1_234' title='bbox 1094 2830 1130 2877; x_wconf 86' lang='lat' dir='ltr'>et</span> <span class='ocrx_word' id='word_1_235' title='bbox 1152 2814 1310 2878; x_wconf 87' lang='lat' dir='ltr'>nobilitas</span> <span class='ocrx_word' id='word_1_236' title='bbox 1329 2827 1407 2895; x_wconf 76' lang='lat' dir='ltr'>quae</span> 
     </span>
     <span class='ocr_line' id='line_1_32' title="bbox 318 2896 1407 2976; baseline 0.001 -19"><span class='ocrx_word' id='word_1_237' title='bbox 318 2909 420 2969; x_wconf 63' lang='lat' dir='ltr'>ritum</span> <span class='ocrx_word' id='word_1_238' title='bbox 443 2916 511 2959; x_wconf 87' lang='lat' dir='ltr'>una</span> <span class='ocrx_word' id='word_1_239' title='bbox 533 2896 690 2961; x_wconf 86' lang='lat' dir='ltr'>omnibus</span> <span class='ocrx_word' id='word_1_240' title='bbox 710 2899 899 2974; x_wconf 84' lang='lat' dir='ltr'>communis</span> <span class='ocrx_word' id='word_1_241' title='bbox 920 2915 1067 2972; x_wconf 88' lang='lat' dir='ltr'>natura,</span> <span class='ocrx_word' id='word_1_242' title='bbox 1082 2897 1209 2962; x_wconf 69' lang='lat' dir='ltr'>diuersa</span> <span class='ocrx_word' id='word_1_243' title='bbox 1231 2910 1339 2960; x_wconf 86' lang='lat' dir='ltr'>autem</span> <span class='ocrx_word' id='word_1_244' title='bbox 1354 2909 1407 2976; x_wconf 74' lang='lat' dir='ltr'>grt-</span> 
     </span>
     <span class='ocr_line' id='line_1_33' title="bbox 318 2976 1410 3058; baseline -0.005 -17"><span class='ocrx_word' id='word_1_245' title='bbox 318 2976 387 3054; x_wconf 79' lang='lat' dir='ltr'>tia3</span> <span class='ocrx_word' id='word_1_246' title='bbox 410 2978 469 3042; x_wconf 87' lang='lat' dir='ltr'>ubi</span> <span class='ocrx_word' id='word_1_247' title='bbox 492 2999 608 3044; x_wconf 87' lang='lat' dir='ltr'>omnes</span> <span class='ocrx_word' id='word_1_248' title='bbox 630 2981 726 3045; x_wconf 84' lang='lat' dir='ltr'>simul</span> <span class='ocrx_word' id='word_1_249' title='bbox 747 2983 841 3058; x_wconf 81' lang='lat' dir='ltr'>lunt,</span> <span class='ocrx_word' id='word_1_250' title='bbox 865 2998 898 3045; x_wconf 91' lang='lat' dir='ltr'>et</span> <span class='ocrx_word' id='word_1_251' title='bbox 922 2983 1015 3045; x_wconf 79' lang='lat' dir='ltr'>simul</span> <span class='ocrx_word' id='word_1_252' title='bbox 1036 2981 1217 3054; x_wconf 74' lang='lat' dir='ltr'>nonluntt</span> <span class='ocrx_word' id='word_1_253' title='bbox 1241 2980 1332 3044; x_wconf 77' lang='lat' dir='ltr'>simul</span> <span class='ocrx_word' id='word_1_254' title='bbox 1349 2976 1410 3038; x_wconf 86' lang='lat' dir='ltr'>lunt</span> 
     </span>
    </p>
   </div>
   <div class='ocr_carea' id='block_1_7' title="bbox 90 3057 1407 3140">
    <p class='ocr_par' dir='ltr' id='par_1_7' title="bbox 90 3057 1407 3140">
     <span class='ocr_line' id='line_1_34' title="bbox 90 3057 1407 3140; baseline -0.006 -14"><span class='ocrx_word' id='word_1_255' title='bbox 90 3070 92 3079; x_wconf 83' lang='grc'>’</span> <span class='ocrx_word' id='word_1_256' title='bbox 189 3067 195 3084; x_wconf 89' lang='grc'><em>’</em></span> <span class='ocrx_word' id='word_1_257' title='bbox 318 3059 537 3125; x_wconf 79' lang='lat' dir='ltr'>similitudine</span> <span class='ocrx_word' id='word_1_258' title='bbox 557 3063 829 3140; x_wconf 83' lang='lat' dir='ltr'>substantiarum,</span> <span class='ocrx_word' id='word_1_259' title='bbox 851 3065 945 3129; x_wconf 80' lang='lat' dir='ltr'>simul</span> <span class='ocrx_word' id='word_1_260' title='bbox 967 3084 1036 3129; x_wconf 89' lang='lat' dir='ltr'>non</span> <span class='ocrx_word' id='word_1_261' title='bbox 1061 3065 1139 3127; x_wconf 90' lang='lat' dir='ltr'>sunt</span> <span class='ocrx_word' id='word_1_262' title='bbox 1160 3057 1407 3128; x_wconf 80' lang='lat' dir='ltr'>aiffimilituaire</span> 
     </span>
    </p>
   </div>
   <div class='ocr_carea' id='block_1_8' title="bbox 317 3135 1410 3231">
    <p class='ocr_par' dir='ltr' id='par_1_8' title="bbox 317 3135 1410 3231">
     <span class='ocr_line' id='line_1_35' title="bbox 317 3135 1410 3231; baseline -0.005 -25"><span class='ocrx_word' id='word_1_263' title='bbox 317 3143 510 3208; x_wconf 81' lang='lat' dir='ltr'>affectuum.</span> <span class='ocrx_word' id='word_1_264' title='bbox 556 3145 663 3210; x_wconf 87' lang='lat' dir='ltr'>Simul</span> <span class='ocrx_word' id='word_1_265' title='bbox 695 3164 789 3214; x_wconf 87' lang='lat' dir='ltr'>erant</span> <span class='ocrx_word' id='word_1_266' title='bbox 823 3147 927 3212; x_wconf 83' lang='lat' dir='ltr'>Dives</span> <span class='ocrx_word' id='word_1_267' title='bbox 950 3163 983 3210; x_wconf 90' lang='lat' dir='ltr'>et</span> <span class='ocrx_word' id='word_1_268' title='bbox 1004 3149 1167 3211; x_wconf 77' lang='lat' dir='ltr'>Abrabam</span> <span class='ocrx_word' id='word_1_269' title='bbox 1189 3146 1227 3210; x_wconf 92' lang='lat' dir='ltr'>in</span> <span class='ocrx_word' id='word_1_270' title='bbox 1251 3135 1410 3231; x_wconf 83' lang='lat' dir='ltr'>spirituali·</span> 
     </span>
    </p>
   </div>
   <div class='ocr_carea' id='block_1_9' title="bbox 192 3224 1410 3317">
    <p class='ocr_par' dir='ltr' id='par_1_9' title="bbox 192 3224 1410 3317">
     <span class='ocr_line' id='line_1_36' title="bbox 192 3224 1410 3317; baseline -0.004 -27"><span class='ocrx_word' id='word_1_271' title='bbox 192 3280 197 3304; x_wconf 76' lang='grc'>,</span> <span class='ocrx_word' id='word_1_272' title='bbox 317 3227 381 3288; x_wconf 87' lang='lat' dir='ltr'>bus</span> <span class='ocrx_word' id='word_1_273' title='bbox 402 3224 608 3305; x_wconf 82' lang='lat' dir='ltr'>substantiis,</span> <span class='ocrx_word' id='word_1_274' title='bbox 647 3251 728 3317; x_wconf 83' lang='lat' dir='ltr'>quaa</span> <span class='ocrx_word' id='word_1_275' title='bbox 750 3251 818 3295; x_wconf 90' lang='lat' dir='ltr'>una</span> <span class='ocrx_word' id='word_1_276' title='bbox 840 3234 1022 3316; x_wconf 89' lang='lat' dir='ltr'>eademque</span> <span class='ocrx_word' id='word_1_277' title='bbox 1058 3233 1205 3294; x_wconf 86' lang='lat' dir='ltr'>humana</span> <span class='ocrx_word' id='word_1_278' title='bbox 1236 3225 1362 3312; x_wconf 78' lang='lat' dir='ltr'>colligit</span> <span class='ocrx_word' id='word_1_279' title='bbox 1385 3235 1410 3282; x_wconf 84' lang='lat' dir='ltr'>ct</span> 
     </span>
    </p>
   </div>
   <div class='ocr_carea' id='block_1_10' title="bbox 316 3307 1411 3649">
    <p class='ocr_par' dir='ltr' id='par_1_10' title="bbox 316 3307 1411 3649">
     <span class='ocr_line' id='line_1_37' title="bbox 316 3307 1410 3404; baseline 0.005 -33"><span class='ocrx_word' id='word_1_280' title='bbox 316 3307 586 3404; x_wconf 69' lang='lat' dir='ltr'>ipseparabiliter</span> <span class='ocrx_word' id='word_1_281' title='bbox 610 3313 723 3397; x_wconf 83' lang='lat' dir='ltr'>jungit</span> <span class='ocrx_word' id='word_1_282' title='bbox 753 3314 904 3390; x_wconf 56' lang='lat' dir='ltr'>silentiu</span> <span class='ocrx_word' id='word_1_283' title='bbox 935 3315 990 3377; x_wconf 84' lang='lat' dir='ltr'>sed</span> <span class='ocrx_word' id='word_1_284' title='bbox 1019 3333 1090 3378; x_wconf 88' lang='lat' dir='ltr'>uon</span> <span class='ocrx_word' id='word_1_285' title='bbox 1122 3315 1216 3377; x_wconf 82' lang='lat' dir='ltr'>simul</span> <span class='ocrx_word' id='word_1_286' title='bbox 1246 3325 1339 3376; x_wconf 84' lang='lat' dir='ltr'>crant</span> <span class='ocrx_word' id='word_1_287' title='bbox 1364 3323 1410 3391; x_wconf 83' lang='lat' dir='ltr'>per</span> 
     </span>
     <span class='ocr_line' id='line_1_38' title="bbox 318 3389 1411 3482; baseline 0.005 -28"><span class='ocrx_word' id='word_1_288' title='bbox 318 3389 543 3457; x_wconf 81' lang='lat' dir='ltr'>differentiam</span> <span class='ocrx_word' id='word_1_289' title='bbox 574 3393 798 3480; x_wconf 81' lang='lat' dir='ltr'>spiritualium</span> <span class='ocrx_word' id='word_1_290' title='bbox 830 3394 1040 3482; x_wconf 86' lang='lat' dir='ltr'>qualitatum.</span> <span class='ocrx_word' id='word_1_291' title='bbox 1086 3397 1198 3461; x_wconf 87' lang='lat' dir='ltr'>Chaos</span> <span class='ocrx_word' id='word_1_292' title='bbox 1229 3394 1320 3460; x_wconf 86' lang='lat' dir='ltr'>enim</span> <span class='ocrx_word' id='word_1_293' title='bbox 1340 3408 1411 3470; x_wconf 65' lang='lat' dir='ltr'>mag·</span> 
     </span>
     <span class='ocr_line' id='line_1_39' title="bbox 316 3472 1409 3576; baseline 0.007 -41"><span class='ocrx_word' id='word_1_294' title='bbox 316 3483 412 3536; x_wconf 85' lang='lat' dir='ltr'>num</span> <span class='ocrx_word' id='word_1_295' title='bbox 435 3491 504 3538; x_wconf 87' lang='lat' dir='ltr'>erat</span> <span class='ocrx_word' id='word_1_296' title='bbox 531 3475 628 3540; x_wconf 88' lang='lat' dir='ltr'>inter·</span> <span class='ocrx_word' id='word_1_297' title='bbox 650 3499 725 3554; x_wconf 86' lang='lat' dir='ltr'>eos;</span> <span class='ocrx_word' id='word_1_298' title='bbox 761 3483 925 3545; x_wconf 82' lang='lat' dir='ltr'>Abrabam</span> <span class='ocrx_word' id='word_1_299' title='bbox 952 3479 1079 3576; x_wconf 87' lang='lat' dir='ltr'>quippe</span> <span class='ocrx_word' id='word_1_300' title='bbox 1100 3478 1136 3544; x_wconf 91' lang='lat' dir='ltr'>in</span> <span class='ocrx_word' id='word_1_301' title='bbox 1159 3493 1295 3542; x_wconf 84' lang='lat' dir='ltr'>aeterna</span> <span class='ocrx_word' id='word_1_302' title='bbox 1317 3472 1409 3561; x_wconf 78' lang='lat' dir='ltr'>qmctt</span> 
     </span>
     <span class='ocr_line' id='line_1_40' title="bbox 317 3557 1410 3649; baseline 0.006 -31"><span class='ocrx_word' id='word_1_303' title='bbox 317 3557 499 3642; x_wconf 77' lang='lat' dir='ltr'>gaudebat,</span> <span class='ocrx_word' id='word_1_304' title='bbox 522 3558 627 3624; x_wconf 85' lang='lat' dir='ltr'>Dives</span> <span class='ocrx_word' id='word_1_305' title='bbox 648 3560 687 3624; x_wconf 92' lang='lat' dir='ltr'>in</span> <span class='ocrx_word' id='word_1_306' title='bbox 708 3565 839 3628; x_wconf 83' lang='lat' dir='ltr'>flamma</span> <span class='ocrx_word' id='word_1_307' title='bbox 861 3561 1114 3647; x_wconf 79' lang='lat' dir='ltr'>inextinguibili</span> <span class='ocrx_word' id='word_1_308' title='bbox 1140 3564 1297 3649; x_wconf 72' lang='lat' dir='ltr'>lugebat:</span> <span class='ocrx_word' id='word_1_309' title='bbox 1332 3575 1410 3644; x_wconf 61' lang='lat' dir='ltr'>ppon-</span> 
     </span>
    </p>
   </div>
   <div class='ocr_carea' id='block_1_11' title="bbox 188 3637 1433 3734">
    <p class='ocr_par' dir='ltr' id='par_1_11' title="bbox 188 3637 1433 3734">
     <span class='ocr_line' id='line_1_41' title="bbox 188 3637 1433 3734; baseline 0 -32"><span class='ocrx_word' id='word_1_310' title='bbox 188 3637 191 3642; x_wconf 74' lang='grc'><strong>’</strong></span> <span class='ocrx_word' id='word_1_311' title='bbox 262 3673 265 3678; x_wconf 35' lang='lat' dir='ltr'>v</span> <span class='ocrx_word' id='word_1_312' title='bbox 316 3653 409 3703; x_wconf 82' lang='lat' dir='ltr'>terea</span> <span class='ocrx_word' id='word_1_313' title='bbox 431 3639 520 3704; x_wconf 83' lang='lat' dir='ltr'>vidit</span> <span class='ocrx_word' id='word_1_314' title='bbox 540 3644 581 3706; x_wconf 90' lang='lat' dir='ltr'>de</span> <span class='ocrx_word' id='word_1_315' title='bbox 602 3645 703 3730; x_wconf 80' lang='lat' dir='ltr'>longe</span> <span class='ocrx_word' id='word_1_316' title='bbox 724 3651 898 3710; x_wconf 75' lang='lat' dir='ltr'>abraham.</span> <span class='ocrx_word' id='word_1_317' title='bbox 956 3645 1041 3728; x_wconf 86' lang='lat' dir='ltr'>Quia</span> <span class='ocrx_word' id='word_1_318' title='bbox 1062 3644 1174 3709; x_wconf 89' lang='lat' dir='ltr'>verbis</span> <span class='ocrx_word' id='word_1_319' title='bbox 1196 3642 1305 3730; x_wconf 74' lang='lat' dir='ltr'>potest</span> <span class='ocrx_word' id='word_1_320' title='bbox 1324 3654 1433 3734; x_wconf 48' lang='lat' dir='ltr'>expo-¹</span> 
     </span>
    </p>
   </div>
   <div class='ocr_carea' id='block_1_12' title="bbox 230 3725 1410 4229">
    <p class='ocr_par' dir='ltr' id='par_1_12' title="bbox 269 3725 1410 4126">
     <span class='ocr_line' id='line_1_42' title="bbox 317 3725 1409 3810; baseline 0.005 -25"><span class='ocrx_word' id='word_1_321' title='bbox 317 3743 425 3796; x_wconf 85' lang='lat' dir='ltr'>mere,</span> <span class='ocrx_word' id='word_1_322' title='bbox 449 3740 612 3809; x_wconf 88' lang='lat' dir='ltr'>quantum</span> <span class='ocrx_word' id='word_1_323' title='bbox 628 3726 798 3793; x_wconf 84' lang='lat' dir='ltr'>interstitit</span> <span class='ocrx_word' id='word_1_324' title='bbox 815 3731 905 3792; x_wconf 88' lang='lat' dir='ltr'>inter</span> <span class='ocrx_word' id='word_1_325' title='bbox 918 3727 1083 3792; x_wconf 82' lang='lat' dir='ltr'>tristitiam</span> <span class='ocrx_word' id='word_1_326' title='bbox 1098 3745 1132 3792; x_wconf 85' lang='lat' dir='ltr'>et</span> <span class='ocrx_word' id='word_1_327' title='bbox 1147 3725 1312 3792; x_wconf 84' lang='lat' dir='ltr'>laetitiam</span> <span class='ocrx_word' id='word_1_328' title='bbox 1328 3737 1409 3810; x_wconf 45' lang='lat' dir='ltr'>cmv·¹</span> 
     </span>
     <span class='ocr_line' id='line_1_43' title="bbox 316 3801 1410 3900; baseline 0.005 -33"><span class='ocrx_word' id='word_1_329' title='bbox 316 3803 355 3900; x_wconf 77' lang='lat' dir='ltr'>ip</span> <span class='ocrx_word' id='word_1_330' title='bbox 375 3808 438 3869; x_wconf 88' lang='lat' dir='ltr'>hac</span> <span class='ocrx_word' id='word_1_331' title='bbox 458 3806 548 3882; x_wconf 84' lang='lat' dir='ltr'>vita,</span> <span class='ocrx_word' id='word_1_332' title='bbox 576 3827 703 3894; x_wconf 88' lang='lat' dir='ltr'>quanto</span> <span class='ocrx_word' id='word_1_333' title='bbox 724 3812 832 3898; x_wconf 83' lang='lat' dir='ltr'>magia</span> <span class='ocrx_word' id='word_1_334' title='bbox 852 3811 890 3874; x_wconf 90' lang='lat' dir='ltr'>in</span> <span class='ocrx_word' id='word_1_335' title='bbox 912 3810 1041 3876; x_wconf 79' lang='lat' dir='ltr'>altera?</span> <span class='ocrx_word' id='word_1_336' title='bbox 1072 3811 1110 3876; x_wconf 91' lang='lat' dir='ltr'>in</span> <span class='ocrx_word' id='word_1_337' title='bbox 1132 3833 1198 3898; x_wconf 87' lang='lat' dir='ltr'>qua</span> <span class='ocrx_word' id='word_1_338' title='bbox 1220 3811 1314 3874; x_wconf 85' lang='lat' dir='ltr'>nulla</span> <span class='ocrx_word' id='word_1_339' title='bbox 1334 3801 1410 3866; x_wconf 73' lang='lat' dir='ltr'>ttiffi·</span> 
     </span>
     <span class='ocr_line' id='line_1_44' title="bbox 316 3889 1409 3985; baseline 0.009 -37"><span class='ocrx_word' id='word_1_340' title='bbox 316 3901 366 3948; x_wconf 84' lang='lat' dir='ltr'>tra</span> <span class='ocrx_word' id='word_1_341' title='bbox 386 3889 542 3985; x_wconf 69' lang='lat' dir='ltr'>quuetur</span> <span class='ocrx_word' id='word_1_342' title='bbox 561 3891 720 3970; x_wconf 84' lang='lat' dir='ltr'>juliorum</span> <span class='ocrx_word' id='word_1_343' title='bbox 741 3894 925 3969; x_wconf 70' lang='lat' dir='ltr'>laetitiam</span> <span class='ocrx_word' id='word_1_344' title='bbox 948 3913 1059 3980; x_wconf 88' lang='lat' dir='ltr'>neque</span> <span class='ocrx_word' id='word_1_345' title='bbox 1078 3895 1148 3959; x_wconf 89' lang='lat' dir='ltr'>ulla</span> <span class='ocrx_word' id='word_1_346' title='bbox 1166 3891 1298 3958; x_wconf 81' lang='lat' dir='ltr'>laetitia</span> <span class='ocrx_word' id='word_1_347' title='bbox 1318 3889 1409 3976; x_wconf 64' lang='lat' dir='ltr'>sequ?</span> 
     </span>
     <span class='ocr_line' id='line_1_45' title="bbox 269 3967 1408 4066; baseline 0.008 -37"><span class='ocrx_word' id='word_1_348' title='bbox 269 4021 282 4062; x_wconf 7' lang='grc' dir='ltr'>η,</span> <span class='ocrx_word' id='word_1_349' title='bbox 316 3981 373 4066; x_wconf 60' lang='lat' dir='ltr'>rur</span> <span class='ocrx_word' id='word_1_350' title='bbox 402 3991 586 4055; x_wconf 79' lang='lat' dir='ltr'>impiorum</span> <span class='ocrx_word' id='word_1_351' title='bbox 608 3973 790 4051; x_wconf 83' lang='lat' dir='ltr'>tristitiam,</span> <span class='ocrx_word' id='word_1_352' title='bbox 827 3975 942 4041; x_wconf 86' lang='lat' dir='ltr'>divina</span> <span class='ocrx_word' id='word_1_353' title='bbox 962 3976 1128 4042; x_wconf 82' lang='lat' dir='ltr'>sententia</span> <span class='ocrx_word' id='word_1_354' title='bbox 1149 3976 1270 4063; x_wconf 69' lang='lat' dir='ltr'>dignas</span> <span class='ocrx_word' id='word_1_355' title='bbox 1291 3967 1408 4054; x_wconf 70' lang='lat' dir='ltr'>singull*</span> 
     </span>
     <span class='ocr_line' id='line_1_46' title="bbox 315 4041 1408 4126; baseline 0.01 -13"><span class='ocrx_word' id='word_1_356' title='bbox 315 4054 639 4120; x_wconf 78' lang='lat' dir='ltr'>incommutabiliter</span> <span class='ocrx_word' id='word_1_357' title='bbox 671 4061 877 4125; x_wconf 82' lang='lat' dir='ltr'>attribuente</span> <span class='ocrx_word' id='word_1_358' title='bbox 904 4059 1155 4126; x_wconf 79' lang='lat' dir='ltr'>retributiones.</span> <span class='ocrx_word' id='word_1_359' title='bbox 1211 4059 1262 4122; x_wconf 84' lang='lat' dir='ltr'>Et</span> <span class='ocrx_word' id='word_1_360' title='bbox 1289 4058 1350 4120; x_wconf 75' lang='lat' dir='ltr'>boc</span> <span class='ocrx_word' id='word_1_361' title='bbox 1376 4041 1408 4109; x_wconf 48' lang='grc' dir='ltr'>ὦ</span> 
     </span>
    </p>

    <p class='ocr_par' dir='ltr' id='par_1_13' title="bbox 230 4135 1404 4229">
     <span class='ocr_line' id='line_1_47' title="bbox 230 4135 1404 4229; baseline 0.005 -29"><span class='ocrx_word' id='word_1_362' title='bbox 230 4197 234 4207; x_wconf 83' lang='grc'><strong>,</strong></span> <span class='ocrx_word' id='word_1_363' title='bbox 316 4135 451 4208; x_wconf 75' lang='lat' dir='ltr'>chasma</span> <span class='ocrx_word' id='word_1_364' title='bbox 481 4158 641 4224; x_wconf 84' lang='lat' dir='ltr'>magnum</span> <span class='ocrx_word' id='word_1_365' title='bbox 664 4160 699 4208; x_wconf 87' lang='lat' dir='ltr'>et</span> <span class='ocrx_word' id='word_1_366' title='bbox 720 4141 980 4229; x_wconf 85' lang='lat' dir='ltr'>impermeabilis</span> <span class='ocrx_word' id='word_1_367' title='bbox 1000 4142 1131 4220; x_wconf 60' lang='lat' dir='ltr'>hiatum</span> <span class='ocrx_word' id='word_1_368' title='bbox 1159 4140 1317 4209; x_wconf 77' lang='lat' dir='ltr'>dividens</span> <span class='ocrx_word' id='word_1_369' title='bbox 1335 4135 1404 4198; x_wconf 79' lang='lat' dir='ltr'>inter</span> 
     </span>
    </p>
   </div>
   <div class='ocr_carea' id='block_1_13' title="bbox 0 0 1481 4976">
    <p class='ocr_par' dir='ltr' id='par_1_14' title="bbox 0 0 1481 4976">
     <span class='ocr_line' id='line_1_48' title="bbox 0 0 1481 4976; baseline 0 0"><span class='ocrx_word' id='word_1_370' title='bbox 0 0 1481 4976; x_wconf 95' lang='lat' dir='ltr'> </span> 
     </span>
    </p>
   </div>
  </div>
 </body>
</html>
