2930 4982
491 189 808 356 menomenas
1106 233 1179 302 rat

82 435 152 478 eum
173 413 302 478 rentum
325 411 385 512 qui
406 413 492 478 torui
514 416 646 480 animae
669 415 729 490 cli,
751 431 899 480 meatum
916 415 1036 491 trahit;
1059 429 1095 482 et
1111 437 1180 482 om·

79 517 118 562 ue
139 499 228 582 quod
250 518 291 561 ex
311 498 364 562 hia
385 497 566 562 memoriae
586 498 758 586 infigitur,
780 499 951 584 phantafia
967 501 1103 586 proprie
1118 507 1178 566 noi

79 579 235 654 minatur,
265 581 332 643 boc
354 580 396 643 est
417 581 601 668 apparitio,
632 599 672 646 ut
693 581 844 668 luperiua
868 580 1025 648 diximus.
1071 583 1180 670 Siquia

79 667 150 728 dem
176 663 346 749 phantalia
377 685 417 726 ex
446 668 550 729 verbo
567 665 710 730 ¹Graeco
742 668 832 751 quod
857 663 900 727 ert
923 665 1056 748 (poium,
1083 671 1180 746 cuiun

76 744 304 832 interpretatio
336 745 379 809 cll
407 767 424 810 a
451 765 568 832 pareo,
604 747 842 836 etymologiam
872 747 977 812 ducit.
1022 751 1098 828 Qua
1119 747 1181 836 igi·

77 845 128 893 tur
146 828 278 894 ratione
298 769 448 928 pbantai

76 911 151 1060 rippa
181 935 244 1058 per
265 911 404 999 seipsam
427 912 548 978 incurii
569 915 644 978 icua
668 937 704 979 in
729 913 794 980 luia
818 913 999 1000 phantafiia
1020 935 1180 1003 quaeren·
1281 935 1298 960 ·

76 1011 100 1060 ll
123 1015 161 1060 uo

75 1077 181 1142 omnia
199 1080 371 1165 phantasia
394 1085 557 1167 quaedam
578 1081 783 1147 naturalium
807 1103 918 1146 rerum
941 1079 1123 1146 fimilitudo
1141 1082 1180 1146 sit

19 1225 20 1230 ,
76 1162 200 1226 animae
229 1162 398 1248 imprella,
435 1185 496 1228 cur
522 1167 614 1252 quod
644 1185 683 1229 ex
709 1180 829 1229 natura
860 1164 1015 1251 procedit
1044 1164 1180 1228 veritati

73 1241 273 1310 contrarium
306 1245 531 1324 judicaretur,
565 1267 642 1314 cuni
674 1251 766 1312 nulla
795 1263 913 1312 natura
941 1246 1076 1312 veritati
1097 1267 1177 1313 con-

73 1327 245 1393 trarietatit
278 1328 411 1393 ratione
442 1330 594 1396 obfillat‘l
627 1333 671 1394 Et
701 1335 766 1395 hoc
794 1333 957 1416 approbat
986 1351 1064 1393 vera
1092 1331 1180 1395 ratio
1269 1357 1272 1379 .

73 1431 153 1508 quae
181 1411 362 1477 firmiffime
392 1413 527 1489 astruit,
556 1416 684 1478 nullam
713 1415 917 1501 phantaliam
954 1415 995 1476 de
1026 1433 1066 1476 ec
1089 1415 1181 1499 quod

72 1510 158 1558 intra
178 1509 373 1560 naturarum
394 1497 572 1563 numerum
593 1517 663 1562 non
686 1498 906 1572 continetur,
941 1495 1031 1582 polle
1052 1493 1088 1559 in
1112 1499 1181 1561 len-

73 1577 156 1642 sibus
190 1577 247 1641 seu
267 1579 430 1644 memoria
452 1579 603 1666 exprimi.
646 1583 757 1645 Omne
778 1580 904 1667 quippe
926 1583 1017 1665 quod
1039 1578 1181 1643 omnino
1243 1577 1248 1590 ’

436 852 467 894 ia
488 829 622 896 veritati
645 847 857 930 opponetur,
880 851 958 895 cnm
981 847 1015 896 et
1035 829 1106 918 ipia
1123 855 1178 896 ve·
1300 877 1307 892 .

197 1017 214 1060 e
236 995 400 1072 occurrit,
424 1012 458 1060 et
476 997 532 1063 ine
560 997 639 1062 abili
656 1001 758 1063 modo
777 997 1027 1063 manifestatur?
1051 1013 1085 1063 et
1099 1001 1180 1064 dum
1313 1021 1317 1034 ·

72 1675 159 1726 caret
189 1661 367 1726 substantia
397 1679 432 1726 et
460 1664 567 1727 forma
597 1665 830 1763 etqualitate,
862 1665 955 1726 nulla
975 1664 1081 1749 potest
1101 1663 1182 1726 ima·
1250 1725 1255 1737 ,
1289 1723 1293 1730 .

72 1742 176 1831 ginari
215 1743 434 1810 bmilitudine
473 1747 530 1812 seu
559 1763 791 1834 apparitione,
830 1768 868 1810 ac
899 1765 960 1831 per
994 1749 1061 1810 hoc
1087 1748 1180 1812 nulla

70 1827 248 1913 phantasia.
301 1827 475 1914 Siquidem
502 1832 694 1918 phantafiae
725 1851 810 1918 quae
839 1833 881 1894 de
918 1828 1003 1894 falfie
1025 1828 1181 1916 fientque

70 1909 264 1997 corporibus
285 1910 539 1977 immundorum
560 1912 739 2000 spirituum
761 1913 797 1978 iii
821 1913 966 1978 ienfibua
988 1911 1178 1987 bominum,
1209 1929 1214 1940 ·

91 2016 151 2058 uoa
183 1995 370 2070 deludunt,
406 1995 614 2082 effigiantur,
645 2001 783 2062 umbrae
804 1994 941 2082 proprie
963 1994 1204 2081 appellandae‘
1262 2049 1264 2080 ἱ

70 2015 162 2152 iniit,
184 2095 256 2141 nou
274 2094 392 2143 ‚autem
414 2081 615 2166 phantasiae.
659 2085 701 2145 D.
722 2078 1024 2178 Phantafiaigitur
1043 2078 1182 2166 aliquod

68 2165 194 2226 bonum
228 2160 294 2236 eil,
324 2183 403 2227 cum
434 2163 644 2227 naturalium·
667 2186 778 2228 rerum
813 2163 1011 2249 imaginatio
1034 2162 1087 2226 eli.
1130 2164 1181 2226 M.
1250 2159 1256 2173 ’
1341 2225 1349 2244 .

71 2247 154 2311 illud
185 2265 308 2330 negare
328 2267 400 2310 rion
422 2249 572 2332 polium
603 2267 704 2310 omne
725 2246 886 2332 liquidem
909 2248 1001 2330 quod
1025 2267 1064 2310 ex
1086 2261 1182 2310 natu·

68 2329 191 2394 talibus
216 2328 318 2392 caufia
342 2327 466 2401 oritur,
489 2332 618 2394 bonum
641 2330 794 2393 ellenon
818 2333 904 2393 dene
929 2337 1013 2391 atur.
1055 2333 1097 2392 D.
1115 2329 1180 2393 Pu·

68 2411 135 2479 niri
159 2429 240 2496 crgo
259 2413 388 2476 bonurn
410 2413 500 2497 polle
522 2411 651 2497 cogeris
673 2411 789 2486 faterit
827 2347 934 2475 atrilii
956 2410 1047 2475 enim
1069 2431 1182 2476 rerum
1272 2453 1275 2474 i

70 2493 305 2581 temporalium

68 2585 136 2646 dai.
175 2579 230 2642 Μ.
256 2519 475 2652 Nuliatenuu
499 2599 570 2642 non
594 2599 684 2640 enim
707 2575 776 2641 dixi
797 2576 883 2662 ipsae
928 2577 1091 2640 bantafiaa
1107 2579 1182 2662 lup·

67 2658 180 2752 pliciia
210 2665 436 2749 torquendae,
466 2662 523 2724 led
556 2660 591 2724 iii
614 2659 690 2760 ipfia
711 2599 956 2724 irrationabiiea
975 2667 1182 2806 motltpger-

64 2750 235 2813 ¹iierlaium
255 2747 471 2810 voluntatum
493 2745 510 2807 l
531 2742 669 2830 ppliciia
690 2743 835 2808 aeternio
855 2741 1069 2828 subigendos.
1124 2763 1183 2806 on·

67 2827 282 2896 lideravimua
304 2827 394 2893 enim
419 2848 486 2915 quo
532 2849 602 2890 nori
626 2827 669 2890 est
689 2848 759 2891 uon
782 2823 1182 2916 poliepuniri,'nifitin
1245 2823 1264 2882 “.

67 2914 182 3002 aliquo
203 2913 295 2977 bono
319 2915 411 3010 quod
433 2911 486 2975 eil.
523 2913 571 2972 ⁴D.
595 2907 813 2985 Recordarie,
846 2924 886 2971 ut
907 2908 1049 2996 opinor,
1071 2908 1184 2994 lupra-

68 2999 181 3063 dictae
210 2993 481 3060 ratiocinationis
510 3009 605 3068 tuae,
637 3015 701 3082 qua
731 2993 969 3057 incunctanter
997 2989 1184 3056 conclulilti

90 3079 255 3146 hantafiai
282 3101 395 3143 rerum
430 3077 666 3162 temporalium
696 3076 870 3142 animabus
892 3075 1027 3149 infixae,
1056 3073 1182 3166 [incip

64 3107 131 3230 'bac
162 3161 232 3227 vita
264 3161 330 3226 live
358 3163 568 3248 pollmodum
601 3159 637 3225 in
672 3164 793 3234 altera,
825 3158 966 3226 omnino
988 3157 1077 3223 nibil
1097 3157 1181 3233 effe3

66 3249 148 3313 ideo
169 3245 206 3310 in
229 3245 277 3308 eia
297 3246 474 3344 perversae
488 3245 679 3310 voluntates
695 3243 903 3330 puniuntur,
926 3242 1089 3341 quoniam
1103 3257 1183 3306 cum

66 3331 313 3418 comprehendi
342 3330 432 3419 polle
467 3327 503 3391 in
526 3327 639 3413 aliquo
662 3342 847 3413 putantur,
880 3329 1019 3412 lugiunt
1039 3326 1072 3389 le
1094 3337 1184 3415 cont·

65 3417 278 3500 prehendere
296 3409 341 3476 ¹ou
368 3411 497 3478 ientea.
522 3426 555 3475 et
577 3427 793 3478 evaneacunt.
835 3411 883 3476 M.
905 3410 1096 3481 Recordort
1117 3419 1182 3470 ne‘c

61 3517 122 3645 pie
153 3495 285 3582 penitet
317 3435 397 3641 taipra
426 3493 557 3594 dixide,
585 3493 953 3642 qpopiiapnbpbantaliaa
973 3489 1189 3555 substantae

88 3599 199 3644 onum
228 3597 300 3643 non
340 3596 567 3641 eeoinnino
613 3599 675 3655 ixi,
719 3601 740 3640 u

60 3683 150 3728 num
173 3663 375 3736 adhaerere,
398 3675 493 3723 etex
515 3658 563 3724 eia
584 3660 680 3726 nurci
700 3659 934 3725 indubitanter
948 3655 1111 3744 probavi:
1148 3669 1183 3720 et

60 3747 132 3812 five
163 3743 201 3808 in
230 3743 277 3809 eie
308 3741 492 3830 impiorum
527 3744 710 3830 supplicia,
753 3744 820 3807 five
848 3741 1006 3822 justorum
1036 3736 1183 3826 praemia

62 3815 316 3916 disponentui,
347 3826 476 3914 ubique
495 3841 608 3892 tamen
628 3831 735 3893 bonai
757 3825 910 3896 ellenon
934 3821 1086 3890 dubitavi
1107 3821 1184 3884 alle·

59 3901 1183 4078 {1⁰53lllllbtnltltl.lltlttituttl,illtttlz
1230 4008 1234 4017 .

61 4077 245 4146 ferentina·
269 4077 407 4144 aliarum
427 4017 678 4167 phamafinani
695 4074 864 4163 Theologi
886 4071 1105 4160 theophaniae
1128 4086 1183 4154 ap·

61 4163 221 4248 pellant,
252 4159 544 4228 administrabitur.
606 4162 680 4248 lpse
707 4163 801 4224 Deua
830 4157 919 4224 enim
936 4176 1012 4242 per
1042 4152 1184 4241 seipsum

667 4275 778 4346 ,w
901 4311 912 4326 ,

353 2495 514 2558 bantasiaa
536 2490 709 2592 suppliciis
731 2493 874 2560 aeternio
900 2495 962 2558 elle
987 2493 1182 2558 distribuen-

792 3576 970 3640 aiitialibua
993 3588 1104 3638 autem
1126 3572 1186 3636 bo·
1264 3641 1267 3648 ,
