2922 4978
280 249 384 346 ⁴02
628 249 682 320 lle
701 251 882 320 nomm
904 221 1075 326 Nottirae.
1149 315 1152 321 .

293 435 406 504 sensae
428 451 463 500 et
484 435 669 504 casuanon
691 433 896 534 ignqrantie,
929 433 985 498 sed
1004 435 1080 499 leve
1091 449 1274 520 peccatum
1293 428 1378 498 erlsli·
1449 413 1450 444 ¹

189 573 195 584 ,
293 520 417 588 mantia
437 520 560 586 unicae
581 519 658 584 suae
678 541 775 584 uxori
794 519 1004 585 consentiret
1026 520 1132 584 Adam
1153 516 1244 580 enim
1264 537 1324 581 non
1343 505 1380 580 el

293 607 468 680 seductus,
499 603 621 670 mulier
652 619 767 676 autem
797 602 933 672 seducta
962 601 1016 665 esl.
1059 603 1137 666 Non
1162 599 1253 666 enim
1272 599 1377 664 insciut

291 687 465 776 peccavit,
495 687 640 774 ideoque
670 686 786 753 durius
820 683 935 774 puniri
962 685 1096 750 meruit
1147 683 1282 773 Apertio
1311 683 1381 748 item

292 775 470 838 oculorum
486 795 551 872 qua
565 772 656 835 suam
670 771 860 838 nuditatem
875 783 1122 857 cognoverant,
1144 768 1383 856 perizomatum
1449 835 1450 840 ,

291 877 358 944 que
380 859 422 922 de
444 855 536 922 solrie
557 853 614 920 fici
636 854 813 930 consutio,
844 853 937 920 vocie
958 853 1041 918 item
1065 851 1306 918 deambulantia
1325 855 1383 916 Do·
1449 857 1450 932 s

292 937 380 1006 mini
412 937 535 1004 Deiin
558 939 710 1025 paradiso
733 939 889 1010 auditur,
920 941 1193 1024 amborumque,
1215 932 1386 1002 ddami'vi·
1449 933 1450 1006 l

277 1022 417 1114 ⁸delicet
449 1037 484 1087 et
510 1022 625 1094 uxoria
658 1027 746 1102 eiua,
781 1021 905 1086 asacie
926 1020 1067 1092 Domini
1089 1019 1154 1086 Dei
1175 1021 1272 1110 suga,
1303 1018 1385 1084 etin

289 1106 404 1172 medio
431 1103 516 1190 ligni
551 1106 740 1179 absconsio,
775 1119 809 1168 et
831 1121 960 1171 caetera
982 1127 1091 1192 oeque
1112 1107 1155 1170 ad
1176 1105 1387 1192 expulsionem
1449 1119 1450 1182 t

283 1187 439 1267 ,hominiq
469 1191 511 1254 de
531 1189 699 1275 paradiso,
727 1188 946 1262 haecomnia
967 1188 1004 1254 in
1024 1188 1176 1276 paradiso
1197 1212 1257 1275 per
1282 1184 1389 1252 antici·
1449 1193 1450 1198 ’

288 1272 465 1420 parionem
494 1273 702 1359 praepostere
729 1272 817 1337 sacta
846 1275 910 1338 else
940 1272 1058 1339 divina
1088 1289 1201 1343 narrat
1227 1270 1286 1336 scri
1310 1287 1386 1344 tura,

314 1377 373 1422 om
405 1355 471 1420 saut
497 1372 675 1442 peccatum
710 1356 928 1444 consequuta.
981 1356 1017 1421 Si
1047 1356 1139 1424 enim
1167 1295 1331 1444 paradiiita
1351 1353 1392 1417 et
1449 1381 1450 1436 3

288 1441 437 1504 humana
457 1455 577 1505 natura
599 1443 640 1506 ad
662 1439 846 1526 imaginem
869 1440 935 1506 Dei
957 1440 1114 1516 condita,
1138 1439 1220 1509 etin
1232 1437 1392 1527 angelicae
1449 1465 1450 1522 ι

288 1521 511 1600 beatitudiuis
533 1523 733 1610 aequalitate
755 1523 953 1600 constitutu;
977 1547 1055 1590 mox
1077 1526 1231 1612 profecto
1252 1539 1291 1587 ut
1310 1541 1391 1588 crea·
1449 1525 1450 1604 J

246 1628 248 1636 ’
289 1620 397 1672 torem
426 1606 524 1672 suum
552 1610 701 1672 deserere
732 1609 861 1683 voluit,
891 1631 931 1673 ex
962 1609 995 1674 di
1045 1607 1128 1672 itate
1156 1609 1234 1672 suae
1262 1621 1393 1672 naturae
1449 1609 1450 1658 l

288 1690 379 1777 lapsa
401 1689 454 1754 est.
497 1693 583 1758 Nam
605 1707 640 1757 et
660 1689 854 1778 priusquam
876 1691 973 1758 uxori
995 1632 1072 1756 ganne
1093 1691 1318 1765 consentiret,
1348 1689 1394 1752 su·
1449 1747 1450 1768 ,

286 1772 421 1860 perbire
442 1772 628 1840 inchoavit.
671 1777 795 1850 Porro,
818 1777 843 1841 fi
864 1777 997 1842 nullum
1020 1775 1164 1863 spatium
1177 1772 1333 1862 temporie
1347 1771 1396 1835 in·
1449 1787 1450 1794 ¹

287 1873 340 1924 ter
367 1858 602 1924 conditionem
630 1858 732 1944 ipfiua
753 1877 788 1922 et
807 1861 935 1958 lapsum
959 1859 1076 1924 divina
1097 1859 1238 1924 tradidit
1257 1855 1395 1926 hilloria·
1449 1845 1450 1912 i

286 1938 371 2028 quid
392 1939 485 2006 aliud
506 1944 605 2006 datur
623 1941 769 2028 intelligi
794 1943 853 2008 scri
882 1941 976 2008 turae
996 1942 1129 2009 silentio
1144 1943 1205 2008 nifi
1225 1941 1394 2008 hominem

286 2043 367 2120 mpx
389 2037 429 2086 ut
450 2024 610 2091 conditur
631 2025 694 2103 est,
716 1968 895 2124 superbiffe
917 2049 955 2092 ac
971 2049 1031 2114 per
1046 2030 1112 2092 hoc
1130 2026 1296 2092 corruisse.
1332 2020 1398 2086 Cui

287 2125 339 2174 rer
366 2107 510 2174 maxima
540 2123 788 2196 argumentatio
819 2112 883 2184 est,
915 2102 1138 2176 homicididm
1161 2109 1313 2180 Diaboli,
1342 2105 1398 2188 qvi

285 2189 451 2254 homicide
473 2206 547 2256 erat
567 2195 610 2256 ab
631 2197 746 2268 initio,
781 2207 815 2257 et
837 2199 1035 2258 inveritate
1055 2193 1256 2283 nerestetitr
1286 2186 1398 2276 quiet

285 2271 357 2359 ipse
372 2274 472 2370 ‘nulla
493 2296 586 2340 mora
608 2274 817 2350 interstante,
839 2299 920 2342 mox
943 2293 1133 2344 uterentur
1155 2277 1199 2341 est
1218 2275 1327 2362 lapsae
1347 2271 1397 2333 su·

284 2357 492 2442 perbrendo,
528 2359 840 2446 consequenterque
869 2360 1001 2428 homini
1037 2382 1115 2426 curn
1137 2376 1249 2426 creato
1266 2355 1330 2422 fibi
1351 2353 1398 2418 in·

285 2437 437 2506 videndo
461 2462 606 2528 eumque
628 2443 763 2506 astutiae
785 2466 918 2509 veneno
940 2444 1180 2510 interimendo.
1230 2445 1284 2506 De
1304 2441 1397 2504 Para·

285 2522 357 2588 diso
378 2521 582 2588 sufficienter
602 2527 722 2610 habea,
746 2543 786 2589 ut
807 2525 958 2594 arbitror.
1003 2532 1044 2592 D.
1068 2525 1243 2592 Sufficeret
1263 2524 1396 2588 forsitan

254 2665 255 2670 ,
284 2605 308 2672 fi
336 2604 486 2672 breviter
512 2610 555 2672 de
588 2607 655 2672 ficu
684 2610 741 2673 illa
771 2616 866 2689 cujus
894 2610 985 2676 soliis
1014 2610 1238 2678 succinctoria
1261 2607 1399 2672 consuta

285 2689 384 2766 sunt,
412 2693 522 2775 deque
545 2691 687 2755 Domini
710 2693 773 2758 Dei
798 2695 1070 2768 deambulatione
1092 2694 1127 2759 in
1148 2691 1303 2780 paradiso
1323 2707 1398 2771 ape·

208 2797 213 2806 ·
283 2767 365 2834 rirea
386 2773 469 2855 quid
490 2774 631 2838 sentiae:
655 2797 731 2858 nam
752 2781 793 2841 de
812 2778 962 2864 pelliceis
979 2778 1105 2842 tunicia
1120 2779 1331 2864 praedictum
1346 2768 1399 2834 est·

349 2870 402 2916 21·
439 2857 540 2916 Ficua
570 2857 626 2921 illa
650 2859 804 2924 divinum
826 2859 910 2948 legio
932 2865 1128 2927 mandatum
1151 2855 1270 2941 primia
1293 2859 1402 2920 homu-

282 2935 386 3002 tribua
406 2933 443 2998 in
466 2934 617 3019 paradiso
642 2943 800 3003 traditum
815 2959 885 3001 non
902 2943 1090 3026 incongrue
1106 2938 1286 3024 accipitur.
1320 2941 1403 3002 Erat

285 3035 398 3084 autem
418 3016 504 3080 illud
524 3021 743 3092 mandatum,
775 3023 817 3083 de
836 3027 925 3086 omni
943 3021 1205 3114 signoporadp'fi
1226 3025 1405 3092 comedin,

282 3103 326 3167 de
345 3103 435 3183 ligno
457 3113 565 3190 autem
576 3097 745 3192 scientiae
765 3105 843 3168 boni
864 3120 897 3170 et
918 3109 998 3170 mali
1018 3109 1185 3172 comedere
1207 3103 1326 3174 nolite.
1361 3107 1403 3168 Et

281 3199 324 3249 tat
351 3182 485 3248 cautiua
513 3189 709 3250 mandatum
734 3187 955 3262 custodirent,
987 3191 1293 3278 praevaricationis
1315 3187 1403 3278 peri·

283 3267 399 3334 aulum
419 3287 491 3332 nou
512 3268 555 3332 est
570 3271 617 3332 ‘ab
640 3269 687 3333 eie
710 3274 927 3338 occultatum.
958 3281 1012 3340 *In
1031 3298 1218 3360 quoeunque
1231 3281 1321 3340 enim
1338 3277 1407 3343 die,

281 3349 414 3450 inquit,
446 3353 654 3418 comederitis
684 3379 727 3420 eo·
759 3380 812 3428 eo,
846 3355 953 3422 morte
977 3351 1167 3426 moriamini.
1212 3365 1287 3424 Lex
1322 3373 1407 3442 ergo
1449 3421 1450 3428 ,

167 3476 170 3484 -
281 3432 401 3534 promia
427 3435 624 3502 homiuibus
652 3435 688 3502 in
718 3439 870 3525 paradiso
893 3445 968 3508 data
992 3443 1052 3518 est,
1087 3449 1183 3522 cuiue
1205 3445 1314 3507 verba
1337 3463 1408 3504 me·

279 3534 420 3584 moriter
440 3522 620 3596 tenebant,
651 3525 743 3607 quod
764 3524 921 3610 responso
943 3527 1094 3592 mulieris
1117 3524 1264 3612 serpenti
1293 3525 1407 3589 decla·

279 3615 382 3666 ratur.
424 3597 630 3695 Respondit.
644 3609 730 3668 anim
757 3609 804 3670 de
819 3605 943 3694 ⁴fructu
968 3611 1132 3692 lignorum,
1156 3633 1241 3694 queue
1253 3607 1353 3701 steret
1375 3611 1410 3670 itt
1449 3593 1450 3640 3

278 3681 439 3788 paradiso
459 3692 636 3760 vescimur,
659 3689 701 3752 de
741 3705 837 3762 ructu
857 3713 937 3758 vero
955 3693 1041 3777 ligni
1059 3695 1150 3778 qnod
1169 3692 1219 3786 est
1237 3698 1276 3758 ire
1291 3693 1412 3756 medio

232 3777 237 3787 '
278 3765 446 3864 paradfi,
469 3777 643 3854 proecepit
662 3797 703 3838 no
732 3777 890 3863 'syDeus,
911 3799 954 3840 na
964 3781 1203 3852 comederemus
1218 3794 1252 3844 et
1268 3803 1314 3845 ne
1332 3791 1411 3842 taa-

277 3874 428 3952 gerfmus
449 3853 533 3920 illud
540 3901 548 3930 ,
571 3848 723 4006 afforte
743 3863 931 3930 moriamur.
973 3863 1078 3942 Cuiua
1099 3863 1184 3950 legio
1204 3866 1316 3928 verba
1337 3882 1412 3926 ma·
1449 3873 1450 3876 ’

277 3939 310 4003 le
331 3955 571 4038 interpretatur
658 3944 812 4019 coluber,
835 3958 874 4006 ut
894 3945 1005 4032 primo
1026 3946 1203 4016 mulierem
1225 3947 1249 4015 i.
1275 3969 1309 4010 e.
1336 3946 1413 4010 sera·
1449 3957 1450 4032 ζ

235 4055 238 4060 -
278 4020 350 4086 sum
372 4025 447 4090 decr
473 4039 563 4099 eret,
590 4042 629 4096 ut
675 4048 710 4090 er
730 4049 809 4106 eum
831 4028 1025 4108 advirum,
1061 4035 1104 4102 ad
1123 4029 1283 4102 animum
1307 4028 1411 4097 vide·
1449 4107 1450 4110 Ἴ

277 4101 375 4198 licet,
404 4047 543 4172 haieret
564 4049 746 4177 arcasium
781 4131 896 4177 veram
917 4129 1032 4196 autem
1052 4130 1087 4180 et
1107 4113 1320 4184 salutiferam
1345 4104 1411 4183 Di·
1449 4169 1450 4180 ,

276 4201 349 4248 vam
378 4189 528 4255 mandati
561 4191 778 4261 dissumulavit
807 4192 994 4282 virtutem
1021 4219 1121 4285 quam
1143 4192 1325 4268 fimulier'
1345 4187 1409 4254 illa
1449 4263 1450 4278 χ

477 4427 485 4473 ‹
616 4445 618 4451 =

1449 4513 1450 4584 ,
