2854 4978
272 193 350 328 [[[8
599 247 655 320 De
673 247 856 321 duetore
877 243 1048 318 Naturae.

272 435 333 499 seu
351 431 495 498 inertiae
515 433 650 520 culpam
669 431 897 498 incurramus:
920 433 978 498 ubi
999 454 1080 498 vero
1102 429 1300 497 intentionis
1316 453 1368 498 no·

271 517 353 584 strae
382 515 545 602 virtutem
576 531 751 605 exuperat,
781 532 816 580 et
836 537 907 582 non
957 516 1058 582 etitur
1077 516 1248 582 mentibus
1270 520 1368 581 adhuc

272 619 406 670 terrena
435 599 646 680 habitatione
674 599 830 688 depressio
884 622 918 664 er
931 599 1019 687 pici,
1054 616 1088 664 et
1116 602 1157 665 ad
1188 621 1308 688 purum
1328 597 1368 663 di·

271 685 388 761 nosci,
420 683 551 750 silentio
585 683 697 750 cordia
719 699 753 748 et
770 683 840 754 oria
857 625 1116 750 ionorificanda
1138 683 1199 762 est,
1234 681 1369 769 nequid

271 787 399 836 temere
427 771 529 834 deca
553 767 764 833 definiamus.
807 772 850 832 D.
882 772 932 834 Ita
952 757 1029 846 dat,
1060 789 1098 833 ac
1118 767 1188 832 fine
1207 787 1299 832 mora
1317 769 1368 830 hu·

271 859 324 936 jue
345 851 573 936 inquisitionis
594 851 685 917 viam
707 850 825 950 arripe.

332 947 365 1014 8.
387 937 435 1000 Μ.
460 939 512 1000 De
529 958 569 1002 eo
584 939 676 1023 quod
691 958 804 1001 omma
818 933 855 1001 in
870 937 974 1004 verbo
990 933 1045 1000 dei
1058 933 1240 1032 unigenito
1252 947 1372 996 aeterna

273 1020 368 1095 sunt,
399 1019 510 1106 primo
542 1019 724 1085 dicendum
751 1019 878 1099 judico.
922 1023 964 1083 D.
993 1020 1067 1083 Nec
1094 1019 1191 1082 ahter
1211 1017 1308 1082 votor
1338 1017 1372 1077 ab

274 1101 417 1181 eoenim
440 1105 533 1190 quod
553 1103 735 1190 praecedit,
757 1101 972 1168 ratiocinatio
995 1103 1039 1168 est
1058 1100 1272 1167 inchoanda:
1293 1117 1373 1185 prae·

271 1186 367 1252 cedit
387 1186 478 1252 enim
501 1187 681 1252 aeternitas
701 1189 885 1263 iacturam3
911 1188 951 1250 ab
974 1207 1015 1250 eo
1036 1185 1142 1271 igitur
1166 1184 1210 1247 est
1225 1182 1373 1246 inchoan·

177 1335 179 1351 ,
272 1273 365 1336 dum.
411 1273 459 1338 M.
479 1271 555 1336 Esto
578 1271 692 1358 itaque
715 1269 886 1344 intentur,
923 1285 957 1333 et
976 1270 1056 1334 vide
1077 1291 1122 1333 ne
1144 1267 1229 1355 quid
1251 1265 1375 1329 incaute

272 1357 457 1431 concedas,
487 1377 534 1418 ne
562 1352 686 1420 iterum
715 1369 749 1418 te
771 1350 958 1419 conceffiffe
978 1352 1165 1440 poeniteat.
1209 1353 1252 1414 D.
1277 1354 1375 1434 Ingre-
1415 1355 1416 1366 ¹

272 1441 372 1514 dere,
394 1438 548 1505 intentae
569 1438 641 1503 sum
662 1459 706 1502 ne
728 1437 811 1526 quid
832 1452 957 1501 temere
979 1439 1176 1508 concedam.
1223 1433 1271 1498 M.
1295 1427 1377 1518 Quid

270 1521 336 1587 tibi
357 1521 510 1596 videtur,
534 1543 617 1586 num
639 1526 733 1586 Deua
756 1519 984 1586 accidentium
1006 1542 1110 1606 capax
1133 1517 1205 1585 est?
1235 1521 1277 1580 D.
1298 1513 1377 1580 Absit

273 1607 316 1670 ab
345 1604 398 1670 hia
420 1603 479 1692 qui
502 1606 544 1670 de
563 1604 707 1670 veritate
728 1607 843 1670 sanum
865 1603 1017 1668 sentiunt
1037 1608 1104 1669 hoc
1123 1602 1239 1669 dicere
1260 1601 1313 1664 vel
1332 1617 1377 1661 co

272 1689 394 1776 gitarc:
429 1703 549 1753 natura
571 1687 662 1754 enim
683 1689 783 1788 ipsius
804 1689 941 1774 simplex
963 1689 1022 1764 est,
1058 1703 1093 1752 et
1112 1689 1296 1775 plusquam
1315 1681 1377 1746 sim·

145 1775 153 1792 ⁸
221 1841 225 1863 ,
296 1774 370 1849 lex,
394 1771 619 1870 omnibueque
641 1771 873 1838 accidentibus
897 1773 1057 1845 absoluta,
1080 1785 1115 1834 et
1137 1773 1318 1868 piusquam
1333 1765 1378 1828 ab·

271 1795 390 1920 inluta.
428 1857 475 1921 M.
498 1855 593 1919 Nihil
615 1878 693 1942 ergo
717 1859 780 1921 deo
803 1853 951 1920 accidit?
974 1859 1016 1918 Da
1035 1854 1191 1919 Omnino
1206 1851 1305 1917 nrhil.
1335 1849 1377 1912 M.
1415 1869 1416 1874 ¹

270 1942 389 2026 ltaque
410 1959 481 2002 non
508 1939 551 2019 esi
573 1937 604 2002 ei
626 1938 781 2004 accidens
803 1937 1053 2003 universitatem
1067 1939 1231 2018 condere,
1255 1956 1325 1999 cam
1340 1947 1379 1992 ta·

271 2043 352 2087 men
373 2020 559 2086 condidisse
579 2023 741 2120 scriptura
763 2023 852 2086 sacra
872 2042 944 2085 non
966 2037 1071 2110 tacet,
1108 2022 1169 2086 sed
1192 2033 1307 2106 aperte
1327 2017 1381 2078 cla·

272 2120 361 2179 mat,
385 2105 517 2170 dicene:
539 2108 577 2169 In
624 2105 771 2192 rancipio
793 2105 876 2170 fecit
899 2110 992 2169 Deua
1014 2105 1175 2180 coelum,
1202 2119 1239 2169 et
1259 2118 1379 2171 terram,

273 2186 459 2254 et'caetera
480 2209 566 2275 quae
589 2129 630 2254 dd
652 2188 811 2276 operibus
857 2187 1020 2254 rimorum
1043 2189 1097 2252 sex
1120 2187 1259 2253 dierum
1275 2187 1307 2250 le
1330 2203 1381 2279 un·

272 2287 338 2336 tur.
382 2276 424 2337 D.
451 2271 619 2337 Dominus
641 2288 675 2337 et
696 2272 819 2346 univer
846 2289 948 2338 tatem
970 2289 1203 2337 creaturarum
1226 2291 1291 2335 con
1317 2269 1380 2336 adn,

271 2377 344 2419 eam
370 2377 413 2420 ue
435 2355 619 2422 condidisse
638 2377 711 2421 non
733 2357 777 2421 est
798 2355 830 2422 ei
851 2355 1018 2420 accidens.
1050 2357 1099 2422 M.
1123 2359 1208 2421 Non
1232 2378 1267 2419 er
1291 2361 1382 2418 oerat
1415 2423 1416 2436 χ

271 2379 441 2506 subsiiiene
464 2454 643 2526 antequam
663 2438 914 2507 universitatem
937 2441 1118 2516 conderet,
1150 2463 1234 2504 nam
1304 2435 1381 2504 esset·
1415 2439 1416 2442 ’

271 2523 425 2588 conditio
448 2522 507 2588 libi
528 2545 640 2587 rerum
662 2522 840 2588 accideret.
884 2526 927 2586 D.
956 2525 1068 2586 Deum
1088 2527 1298 2610 praecedere
1317 2513 1382 2580 uni·
1415 2545 1416 2556 ¹

271 2607 461 2672 versitatem
488 2607 675 2682 credimus,
706 2628 777 2672 non
806 2622 873 2671 tem
901 2627 975 2680 ore,
1008 2605 1066 2670 sed
1096 2629 1136 2670 ea
1158 2603 1382 2672 solantium,

271 2711 338 2776 qua
376 2691 473 2756 causa
508 2689 665 2755 omnium
690 2690 763 2776 ipse
791 2631 1012 2784 inteliigitun
1054 2690 1209 2755 fi1enim
1243 2701 1383 2783 tempore

295 2779 502 2848 raecederet‚
525 2773 681 2838 accident
704 2773 736 2837 ei
759 2773 945 2839 secundum
966 2789 1100 2859 tempus
1124 2775 1243 2840 facere
1262 2787 1385 2836 univer·

270 2797 399 2922 itatem
428 2859 526 2922 foret.
571 2855 744 2941 Quoniam
770 2880 851 2923 vcro
884 2880 923 2920 ea
951 2857 1019 2922 sola
1047 2856 1187 2923 ratione
1210 2879 1277 2944 qua
1299 2847 1383 2944 causa
1415 2893 1416 2896 =

271 2941 333 3016 esi,
359 2941 608 3006 universitatem
630 2943 670 3004 ab
688 2962 728 3004 eo
748 2941 920 3006 conditam
936 2940 1120 3026 praecedit,
1133 2943 1303 3028 -sequitur
1319 2955 1384 2999 um-

270 3025 432 3088 versitatis
463 3021 697 3088 conditionem
727 3045 797 3090 non
827 3027 889 3088 effe
920 3027 985 3088 deo
1007 3025 1202 3094 secundum
1226 3022 1382 3089 accidens,

270 3109 327 3171 sed
358 3109 544 3172 secundum
573 3109 741 3191 quandam
769 3107 976 3172 ineffabilem
996 3105 1169 3172 rationem
1219 3131 1264 3172 ua
1287 3101 1385 3170 causa·

270 3189 341 3253 tiva
370 3189 406 3253 in
437 3191 534 3254 causa
560 3191 618 3254 sua
647 3191 777 3276 semper
808 3191 991 3256 subsrstunt.
1035 3194 1083 3255 M.
1108 3192 1146 3254 Si
1171 3192 1283 3280 igitur
1302 3185 1384 3252 nulla
1415 3255 1416 3264 .

270 3270 334 3336 alia
361 3272 494 3336 ratione
523 3276 617 3336 Deua
637 3272 887 3338 univerfitatem
911 3275 983 3338 a'se
1005 3275 1184 3339 conditam
1212 3267 1383 3362 praecedic
1415 3289 1416 3312 *

270 3371 401 3441 praeter
422 3355 514 3419 illam
537 3357 638 3420 solam
660 3379 726 3443 qua
746 3356 817 3443 ipse
839 3359 936 3422 causa
958 3359 1020 3433 est,
1047 3381 1084 3421 ea
1106 3383 1194 3424 vero
1213 3353 1385 3424 causativa,
1415 3369 1416 3424 ἐ

270 3453 305 3503 et
345 3461 447 3504 omne
485 3438 692 3504 causativum
728 3441 858 3528 semper
894 3441 930 3505 in
972 3442 1068 3505 causa
1096 3442 1263 3518 subsistit,
1304 3437 1416 3502 aliter.

269 3521 363 3588 enim
397 3545 462 3589 nec
484 3524 580 3589 causa
601 3524 698 3588 causa
720 3525 782 3599 est;
813 3547 877 3589 nec
898 3523 1124 3599 causativum,
1163 3523 1387 3591 causativum
1415 3551 1416 3606 3

268 3609 401 3694 deoque
430 3628 502 3673 non
536 3607 662 3674 accidit
689 3607 828 3672 causalia
859 3609 939 3683 esse,
971 3601 1099 3694 semper
1131 3611 1233 3674 enim
1266 3625 1300 3674 et
1321 3625 1386 3670 cau·
1415 3621 1416 3664 t

268 3691 302 3754 sa
331 3691 391 3767 cst,
421 3706 456 3756 et
486 3707 574 3767 erat,
604 3706 640 3756 et
670 3691 751 3765 erit,
785 3693 914 3778 semper
939 3690 1045 3776 igitur
1075 3693 1257 3758 causativa
1278 3693 1315 3757 in
1338 3689 1386 3752 sua
1415 3715 1416 3752 1

267 3775 365 3838 causa
404 3775 602 3850 subsistunt,
647 3792 681 3838 et
720 3775 960 3846 substiterunt,
1009 3790 1043 3838 et
1081 3775 1270 3842 substitura
1309 3777 1388 3837 sunt·

265 3855 415 3921 Proinde
459 3859 654 3924 universitas
696 3857 731 3921 in
787 3859 843 3922 sua
885 3858 982 3922 causa
1015 3857 1187 3945 quoniam
1229 3855 1416 3926 causativa

267 3937 329 4015 est,
358 3942 426 4005 hoc
456 3941 530 4017 ests
549 3944 627 4008 suae
659 3943 776 4006 causae
802 3941 986 4027 particeps,
1020 3957 1161 4008 aeterna
1193 3946 1261 4022 est,
1293 3938 1388 4008 totiut

257 4021 374 4110 igitur
414 4038 585 4090 creaturae
617 4024 868 4089 universitatem
906 4041 1075 4090 aeternam
1113 4029 1185 4092 esse
1221 4029 1260 4093 in
1294 4024 1388 4089 verbo
1415 4023 1416 4100 ξ

267 4105 323 4172 dei
354 4104 566 4174 manifestum
597 4109 651 4174 ast.
714 4113 755 4172 D.
792 4108 882 4174 Huic
911 4107 1121 4176 conclusioni
1155 4107 1388 4178 contradicere
1415 4127 1416 4146 ¹

264 4205 333 4256 von
366 4193 479 4270 valeo,
513 4195 593 4260 rium
622 4193 689 4258 fine
719 4193 786 4257 ulla
816 4192 1037 4281 ambiguitate
1068 4195 1258 4268 confidem
1280 4207 1388 4260 omne·
