2854 4978
512 274 620 346 labec
644 275 798 350 Tertius.
1132 281 1210 356 229

88 471 247 543 turpat,
282 470 318 522 et
335 459 442 536 locat·
470 475 504 526 et
523 459 648 548 spatia,
680 477 716 529 et
738 462 852 549 omnia
873 485 959 552 quae
980 464 1141 532 dicuntur
1160 468 1210 534 le·

90 543 248 630 eumdum
268 539 481 632 substantiam
499 557 534 608 et
546 545 714 623 accident,
728 547 1000 636 generaliterque
1012 549 1206 629 dicendum,

165 644 321 712 ecunque
340 625 535 693 univerfitar
557 629 663 716 totius
684 647 856 696 creaturae
877 631 1033 700 continet
1049 633 1087 698 in
1101 637 1206 701 verbo

88 645 163 772 ΕΞ
189 707 432 795 unigenito·et
460 727 594 776 aeterna
622 714 716 778 limul
746 729 781 780 et
811 715 899 780 facta
921 717 1008 792 elle,
1041 732 1076 781 et
1095 731 1208 804 neque

88 790 327 855 aeternitatem
360 792 397 858 in
434 794 481 860 eir
501 799 701 883 praecedere
723 799 887 864 facturam
908 821 1020 888 neque
1040 799 1232 882 facturam,

87 876 294 962 praecedere
316 877 559 944 aeternitatem.
602 879 778 980 Siquidem
800 905 916 948 eorum
938 882 1116 949 aeternitas
1141 884 1206 950 fac·

89 973 128 1023 ta
159 957 220 1032 et,
253 974 289 1022 et
307 960 462 1027 conditio
484 978 619 1029 aeterna
638 987 675 1029 tn
699 965 948 1052 dispensatione
971 965 1077 1032 verbi.
1119 967 1206 1034 Nam

89 1055 129 1106 et
150 1056 275 1106 cuncta
296 1063 382 1129 quae
401 1044 562 1111 videntur
582 1046 619 1112 in
640 1047 759 1115 ordine
775 1050 982 1116 laecalomm
996 1048 1205 1137 temporibus

86 1140 128 1190 et
148 1124 233 1190 locio
253 1145 314 1212 per
335 1129 588 1214 generationem
608 1131 713 1210 oriri,
736 1133 832 1198 limul
855 1149 889 1199 et
908 1134 1009 1200 semel
1031 1130 1204 1198 aeternali-

87 1223 146 1272 ter
167 1206 204 1272 in
224 1213 329 1273 verbo
352 1212 482 1278 domini
502 1215 697 1281 factasunt.
740 1219 859 1304 Neque
881 1216 973 1284 enim
998 1219 1206 1284 credendum

86 1291 138 1356 est
171 1306 255 1356 tuuc
282 1293 451 1361 inchoalle
483 1297 576 1372 lieri,
612 1302 748 1384 quando
779 1300 816 1365 in
849 1304 980 1367 mundo
1011 1299 1205 1364 sentiuntur

87 1372 187 1440 oriri.
230 1377 368 1464 Semper
402 1379 493 1445 enim
515 1381 655 1447 fuerunt
674 1383 711 1448 in
733 1387 836 1449 verbo
859 1383 991 1450 domini
1012 1383 1202 1448 lubllantia·

85 1457 192 1530 liter,
212 1475 375 1552 ortusque
397 1485 512 1528 eorum
534 1480 569 1530 et
590 1468 724 1532 occasus
745 1467 782 1531 in
804 1465 924 1532 ordine
944 1484 1136 1553 temporum
1158 1478 1204 1530 at·

84 1561 159 1628 que
178 1542 330 1608 locorum
355 1569 416 1634 per
436 1549 709 1635 generationem,
730 1554 797 1615 hoc
816 1547 876 1626 est,
900 1571 960 1639 per
975 1546 1203 1616 accidentium

87 1625 369 1712 allumptionem,
405 1631 534 1718 semper
562 1633 600 1697 in
630 1636 735 1700 verbo
757 1633 823 1698 Dei
846 1651 934 1710 erat,
970 1633 1006 1698 in
1028 1654 1096 1780 <pao
1117 1655 1204 1720 quae

83 1709 205 1773 futura
235 1711 313 1777 tunt
337 1720 405 1796 jam
441 1716 642 1781 factasunt.
685 1716 861 1803 Siquidem
894 1717 1010 1784 divina
1053 1715 1204 1804 apientia

85 1791 338 1861 circumscribit
365 1813 539 1885 tempora,
569 1815 604 1864 et
636 1800 750 1865 omnia
782 1823 868 1888 quae
888 1801 1067 1884 inmatura
1089 1823 1202 1864 rerum

84 1877 321 1961 temporaliter
357 1881 514 1946 oriuntur
549 1882 587 1949 in
618 1882 689 1972 ipsa
719 1887 928 1970 praecedunt
961 1900 995 1948 et
1029 1883 1203 1948 sublistunt

85 1959 312 2026 aeternaliter.
343 1965 415 2050 lpla
438 1965 483 2029 ell
507 1965 598 2032 enim
613 1969 767 2033 mensura
781 1967 935 2032 omnium
952 1968 1200 2044 finemenlura,

88 2041 126 2108 'et
154 2063 316 2110 numerus
342 2047 410 2112 line
438 2070 600 2127 numero,
634 2066 670 2117 et
691 2055 845 2139 pondua,
877 2049 996 2128 idest,
1028 2052 1110 2118 ordo
1132 2049 1201 2114 fine

83 2128 252 2214 pondere.
294 2132 367 2216 lpla
389 2131 433 2195 est
453 2150 586 2222 tempua
609 2149 643 2200 et
665 2135 854 2211 sacculum,
885 2133 956 2221 ipla
978 2134 1021 2198 est
1044 2131 1201 2219 praeteri·

83 2225 140 2284 ta,
176 2213 386 2298 praesentia,
417 2230 451 2280 et
472 2211 602 2281 lutura.
645 2222 726 2284 ldco
751 2241 793 2282 ue
822 2239 840 2281 a
870 2217 1006 2284 Graecia
1036 2213 1201 2282 ’arrartva

82 2310 246 2369 vocatur,
269 2296 348 2383 quia
370 2299 484 2364 omnia
507 2317 658 2387 tempora
675 2241 767 2367 iaie
789 2317 879 2366 creat
896 2319 931 2366 et
945 2298 1198 2376 circumscribit,

86 2379 174 2441 dum
206 2377 303 2466 luper
331 2382 445 2446 omnia
474 2399 624 2472 tempora
654 2385 694 2450 fit
714 2384 912 2452 aeternitate
933 2385 990 2452 lua
1011 2383 1127 2449 omnia
1148 2381 1201 2448 in·

83 2461 228 2526 tercalla
255 2469 479 2551 praecedent,
502 2468 681 2544 ambient,
712 2470 929 2534 concludent.
978 2467 1064 2534 Nam
1095 2467 1200 2531 etde
1298 2501 1304 2518 =

80 2543 139 2608 hia
162 2567 247 2632 quae
270 2547 415 2612 naturali
437 2553 535 2615 cursu
558 2551 595 2616 in
614 2551 732 2617 ordine
752 2567 943 2638 temporum
959 2549 1199 2614 annuntiatum

82 2625 162 2691 fieri
182 2629 361 2704 sentimus.
383 2633 550 2699 rationem
571 2637 711 2700 reddere
732 2655 834 2700 nemo
854 2633 972 2722 potest.
1004 2631 1089 2719 Quia
1106 2632 1220 2698 enim·

83 2708 158 2774 vim
187 2713 353 2778 seminum
387 2715 561 2804 cogitant,
592 2721 764 2804 quomodo
785 2740 846 2804 per
866 2734 1026 2782 numeror
1045 2717 1200 2780 locorum

82 2808 121 2860 et
142 2809 335 2883 temporum
355 2798 392 2862 in
420 2801 528 2865 variar
545 2799 672 2888 speclea
687 2800 902 2876 animalium,
925 2797 1104 2871 fruticum,
1125 2802 1200 2863 her·

83 2881 206 2946 barum
230 2902 322 2944 erum
350 2896 434 2969 unt3
456 2905 517 2948 cur
538 2898 573 2946 et
593 2887 764 2971 quomodo
787 2883 898 2948 dicere
918 2883 1116 2970 praelumat,
1140 2896 1199 2946 aut

82 2983 206 3027 eorum
237 2905 425 3030 occaionea
455 2969 497 3030 ad
523 2987 646 3066 purum
668 2969 875 3053 dignoscere
905 2964 1118 3066 praevaleat,
1163 2978 1199 3029 et

79 3065 158 3110 non
180 3047 347 3113 continuo
368 3064 589 3135 pronuntiet,
610 3053 694 3116 haec
715 3049 829 3116 omnia
845 3049 969 3114 divinia
983 3049 1114 3135 legibue
1127 3067 1197 3112 om·

80 3149 166 3194 nem
188 3130 320 3195 sensum
342 3147 375 3194 et
392 3131 605 3198 intellectum
617 3128 850 3222 superantibus
867 3134 1079 3198 attribuenda
1094 3129 1196 3195 lunt?

80 3211 265 3301 Nullitque
293 3216 498 3295 conjectoria
528 3215 634 3283 animi
663 3216 924 3306 inquirendum,
960 3237 1020 3281 cur
1047 3215 1110 3289 fic,
1141 3215 1196 3314 vel

81 3297 148 3371 fio,
181 3312 217 3363 et
242 3300 413 3384 quomodo
436 3301 497 3376 lic,
526 3303 664 3379 velim,
699 3319 732 3366 et
752 3323 823 3366 non
847 3301 942 3366 aliter
964 3302 1089 3366 debent
1110 3300 1197 3398 ordi:

81 3401 167 3445 nem
198 3394 390 3468 temporum
416 3384 575 3471 implere,
614 3401 647 3450 et
668 3406 708 3450 ex
728 3385 953 3474 invisibilibus
975 3383 1077 3448 caulis
1100 3382 1137 3446 in
1148 3405 1197 3480 ‘vr

80 3461 253 3530 seminum
282 3467 378 3530 limul
406 3467 594 3534 constitutit
617 3489 687 3534 non
709 3469 823 3545 simul,
856 3466 912 3534 led
932 3475 1000 3531 tem
1028 3487 1124 3530 crum
1145 3487 1197 3529 rn-

81 3546 233 3611 tervallir
258 3562 292 3611 et
311 3551 482 3624 locorum.
505 3551 542 3615 in
568 3553 692 3620 format
709 3491 1083 3638 lenstbilerproceticre,
1106 3547 1197 3644 quali

76 3651 153 3696 uon
185 3630 283 3696 aliter
310 3631 384 3696 lieri
413 3635 564 3724 pollent,
595 3635 618 3698 li
648 3635 785 3700 divinae
814 3637 983 3700 voluntati
1006 3630 1102 3696 aliter
1122 3629 1197 3725 liert

79 3713 280 3790 rideretur,
314 3736 400 3802 quae
429 3717 523 3784 nulla
547 3719 624 3805 lege
643 3717 905 3804 constringitur?
937 3718 1023 3779 Nam
1045 3729 1079 3776 et
1095 3713 1197 3810 'saepe

80 3813 204 3864 contra
236 3799 434 3866 consuetum
461 3816 601 3865 naturae
623 3802 754 3867 cursum
776 3803 882 3866 multa
903 3798 1011 3864 solent
1032 3795 1125 3873 tien,
1155 3809 1196 3859 ut

79 3879 184 3946 nebia
206 3881 413 3960 ostendatur,
436 3885 529 3970 quod
551 3883 667 3950 divina
687 3880 903 3972 providentia
923 3903 996 3946 non
1017 3902 1107 3978 uno,
1138 3880 1195 3944 led

78 3963 268 4050 multiplici
289 3970 392 4032 modo
415 3985 516 4056 atque
536 3966 674 4033 infinito
695 3966 803 4054 potest
823 3963 937 4032 omnia
956 3965 1193 4063 adrntntllrare.

83 4048 120 4114 Si
151 4047 201 4112 ita
225 4067 270 4114 ue
298 4051 386 4115 nulli
414 4050 606 4116 intellectui
627 4051 763 4141 cognita
781 4051 825 4114 est
843 4047 1068 4114 universitatis
1087 4069 1124 4144 tn
1147 4049 1197 4110 dt·

80 4129 177 4197 vinio
203 4071 340 4220 iegibur
367 4134 630 4213 administratio,
664 4134 720 4200 cui
746 4131 1000 4200 rationabilium
1019 4132 1074 4196 vel
1099 4128 1196 4227 intel·

83 4214 287 4284 tetradiam
317 4218 424 4304 potest
452 4217 526 4285 fieri
546 4218 722 4308 perspicua
741 4221 890 4302 ejusdcm
911 4207 1136 4284 univcrlitatta
1158 4233 1194 4275 tn
