2922 4978
409 159 759 320 'hidchumhm
860 239 930 326 Ἰ
1086 179 1223 353 'dds-⁰

83 419 128 484 lit.
146 413 289 482 omnium
320 411 511 480 necessitate
531 413 695 492 liberum,
730 413 817 482 nulli
841 435 885 480 ue
904 413 1071 490 naturali,
1106 415 1173 480 hoc

84 501 139 574 esl,
163 497 318 562 materiali
367 497 517 562 otentiae
536 499 751 586 subjugatum
785 435 843 564 seg
887 521 923 563 cr
944 499 976 562 se
996 499 1172 586 potentem

83 586 119 648 ad
138 581 171 647 id
190 585 278 668 quod
300 521 460 646 deiderat
480 581 583 646 hahet
603 586 826 648 voluntatem.
858 522 924 646 fies
945 581 1035 646 enim
1054 579 1098 646 est
1115 583 1172 646 do·
1224 630 1231 640 .

82 665 198 732 miuatu
219 687 332 730 curem
354 687 393 730 ac
412 665 603 730 voluntaria
623 665 743 735 virtus.
781 667 884 752 Quod
906 681 1018 730 autem
1040 664 1174 750 cogitur

54 805 59 812 .
83 747 331 835 violentiamque
352 745 496 834 patitur,
519 747 628 814 virtus
650 750 711 814 else
732 771 803 814 non
823 749 939 835 petesh-
982 753 1113 812 Interea
1135 747 1173 811 in

81 830 223 897 omnibus
244 832 310 896 ima
335 831 426 897 inem
447 830 644 919 principalis
665 833 810 920 exempli
837 848 872 896 et
896 835 1085 896 charactera
1100 831 1175 918 pul·

81 914 244 980 mitudinis
274 939 297 1002 g
342 937 419 991 ans,
451 915 512 980 nist
540 913 576 979 in
605 915 718 1003 aliquo
749 914 974 982 differentiam
1005 913 1171 988 habuerit,

81 1019 142 1062 uon
169 1003 233 1078 jam
263 999 326 1063 erit
359 997 500 1064 omnino
527 997 649 1064 sumile:
683 1001 739 1065 sed
759 1003 827 1064 hoc
847 999 957 1086 ipsum
1004 1020 1039 1064 er
1059 995 1175 1064 omnia

68 1082 268 1158 ostenditur,
300 1086 392 1170 quod
424 1082 459 1146 in
483 1083 732 1148 universomon
757 1084 861 1148 distat.
889 1023 1049 1168 ‘Qualem
1070 1081 1220 1168 igitur.x

78 1163 167 1249 ipfius
195 1167 279 1240 Dei,
311 1169 438 1242 et,Deo
461 1165 575 1230 similis
598 1166 821 1230 differentiam
843 1161 1173 1252 contemplabimur?

79 1252 113 1312 ln
132 1251 209 1323 hoc,
236 1248 323 1313 illud
344 1248 482 1336 quidem
502 1265 579 1314 non·
596 1265 762 1324 creatum,
795 1249 882 1314 illud
902 1269 983 1314 vero
1006 1271 1066 1335 per
1087 1269 1175 1314 crea·

79 1329 193 1396 tionem
215 1331 362 1396 subsistit.
406 1332 498 1396 Talis
520 1349 632 1397 autem
654 1331 869 1420 proprietatis
893 1332 1082 1397 differentia
1098 1331 1174 1395 alia·

79 1436 142 1478 rum
161 1413 282 1480 iterum
305 1415 548 1502 proprietatum
572 1416 846 1502 consequentiam
869 1415 960 1480 fecit.
1008 1415 1175 1482 Concedi-

78 1512 125 1560 tur
143 1497 230 1562 enim
252 1499 395 1563 omnino
417 1499 599 1564 increatam
617 1516 770 1564 naturam
787 1498 1081 1564 inconverstbilem
1100 1500 1173 1575 else,

78 1581 258 1728 semperque
279 1582 429 1647 similiter
450 1586 590 1648 habere:
614 1599 798 1648 creaturam
822 1603 902 1646 vero
922 1584 1086 1647 nundine
1103 1605 1174 1646 mu·

79 1663 136 1728 tabi
148 1664 227 1730 itate
257 1667 440 1732 consistere.
490 1669 575 1730 Nam
606 1667 678 1753 ipse
710 1689 749 1730 ex
771 1687 841 1730 non
864 1665 1022 1740 exiliente
1041 1665 1077 1730 in
1112 1666 1175 1732 elle
1214 1673 1215 1677 ’

80 1747 224 1814 transitus
245 1767 360 1814 motus
388 1749 519 1822 ¹uidam
542 1750 602 1837 cll,
632 1747 832 1814 et‘mutatio
853 1770 924 1812 non
948 1748 1115 1813 existentis
1137 1748 1174 1813 in

79 1831 151 1910 esse,
168 1833 353 1898 secundum
399 1832 526 1897 ruinam
547 1835 757 1897 voluntatem
773 1832 998 1896 transmutati.
1029 1832 1176 1898 Acstcut
1211 1869 1221 1884 ‹-

78 1911 110 1979 iu
133 1937 203 1980 aere
225 1919 435 1993 charactera,
456 1915 604 1982 Caesaris
625 1915 807 2003 imaginem
829 1916 1054 2062 Evangelium
1073 1913 1176 1981 dicit:

78 2019 130 2080 per
156 2004 247 2146 quod
278 2001 438 2066 discimus
464 2004 557 2080 juxta
585 2000 722 2087 quidem
750 1999 892 2087 figuram
945 1997 1176 2064 militudinem

60 2081 131 2145 'else
171 2084 291 2150 ormati
322 2087 364 2148 ad
393 2084 584 2157 Caesarem,
615 2083 651 2147 in
675 2085 823 2162 subjecto
847 2104 927 2146 veto
950 2081 1175 2146 differentiam

77 2165 206 2242 habere;
240 2168 286 2232 fic
316 2168 417 2232 etiam
447 2169 632 2236 seeundum
666 2167 873 2252 praesentem
899 2166 1067 2232 rationem
1097 2167 1175 2230 loco

77 2245 251 2334 imaginum
281 2273 365 2337 quae
396 2251 647 2316 considerantur
673 2251 709 2314 in
741 2249 857 2314 divina
885 2266 1025 2322 natura,
1054 2249 1091 2313 in
1112 2253 1176 2313 hu·

78 2352 166 2398 mana
190 2334 293 2398 etiam
321 2333 510 2420 cogitantes
542 2356 579 2397 ea
609 2331 1103 2419 *irt‚qu“1hus‚srmilitudoesl,
1136 2331 1174 2395 in
1253 2371 1256 2379 ·

78 2414 211 2495 subjecto
233 2417 460 2482 differentiam
481 2415 692 2490 invenimus,
722 2432 887 2502 quatenus
908 2417 945 2479 in
967 2437 1038 2480 non
1063 2429 1176 2483 creato
1255 2493 1258 2506 Ι

78 2513 107 2560 et
132 2517 240 2566 creato
273 2503 534 2566 considerantur.
584 2499 755 2584 Quoniam
786 2498 1007 2584 igiturjllud
1060 2497 1175 2562 uidem

76 2580 190 2670 semper
211 2585 362 2650 similiter
384 2588 503 2654 habet.
526 2587 592 2646 hoc
615 2599 727 2646 autem
750 2581 809 2667 per
825 2521 1175 2646 creationemlactum

76 2683 110 2726 ex
127 2668 352 2732 mutabilitate
375 2669 437 2732 esse
459 2666 650 2740 inchoavit,
676 2682 709 2729 et
730 2679 907 2750 cognatam
930 2667 971 2728 ad
991 2665 1089 2726 talem
1103 2685 1175 2726 mu-

75 2749 265 2818 tabilitatem
287 2755 389 2817 habet
410 2752 679 2816 conversionem:
701 2770 767 2846 pro
796 2763 882 2810 terea
906 2747 964 2832 qui
986 2745 1085 2810 novit
1107 2767 1177 2810 om·

76 2830 125 2895 nia
150 2853 228 2901 ante
259 2835 530 2921 generationem,
567 2835 650 2898 sicut
680 2847 728 2896 att
783 2833 944 2917 ropheta,
974 2830 1175 2894 consecutus

75 2931 176 2982 autem
207 2918 317 3006 magis
348 2915 622 3005 praeintelligens
649 2915 859 3002 prognostica
879 2913 1006 2976 virtute
1029 2915 1069 2976 ad
1094 2911 1177 2998 quid

74 2999 245 3081 inclinaret
274 3024 336 3088 per
367 3003 458 3065 suarn
488 3000 650 3084 virtutem
673 3001 831 3082 suamque
851 2994 1039 3083 potentiam
1061 2999 1177 3060 huma·

76 3103 132 3146 nae
154 3084 342 3150 voluntatis
370 3101 503 3161 motus,
540 3083 701 3170 quoniam
723 3083 816 3167 quod
836 3080 989 3143 futurum
1013 3079 1056 3142 est
1075 3077 1174 3152 vidit,

75 3165 376 3264 supermachinatus
406 3169 448 3232 esl
475 3167 615 3254 imagini
638 3167 821 3230 secundum
844 3165 1030 3228 masculum
1054 3177 1088 3226 et
1108 3163 1178 3225 soe·
1280 3173 1283 3180 '

74 3271 190 3318 minam
224 3250 469 3325 differentiam,
505 3271 590 3337 quae
620 3251 691 3314 'non
720 3253 785 3328 jam
810 3249 852 3312 ud
875 3246 1030 3312 divinum
1049 3237 1177 3343 prin'ci-

74 3335 141 3476 pale
163 3339 353 3420 exemplum
377 3334 513 3421 aspicit,
543 3335 599 3398 sed
619 3335 714 3405 (sicut
738 3331 866 3396 dictum
889 3330 944 3408 est)
966 3327 1176 3393 irrationabi-

86 3415 144 3480 iori
165 3423 322 3484 adhaeret
342 3435 491 3482 naturae.
545 3419 686 3482 Causam
710 3437 791 3480 vero
813 3414 887 3478 talis
908 3411 1178 3499 supermachina-

74 3497 175 3566 tionis
196 3504 254 3586 soli
301 3501 414 3565 uidem
438 3501 616 3573 noverint,
640 3498 698 3586 qui
723 3498 898 3563 veritatem
920 3497 1035 3582 perse
1057 3494 1178 3558 vident

73 3591 103 3644 et
122 3585 261 3657 ministri
278 3525 361 3648 iunt
380 3583 485 3648 verbi.
528 3587 597 3648 Nos
620 3599 750 3656 autem,
785 3595 950 3665 quantum
966 3577 1117 3664 possibile
1133 3575 1177 3638 est

73 3686 110 3728 ex
139 3669 338 3754 quibusdam
370 3667 572 3746 conjecturis
607 3683 706 3752 atque
728 3654 978 3748 consequentiis
1001 3661 1177 3723 veritatem

74 3747 268 3833 opinantes,
293 3755 385 3837 quod
405 3750 442 3814 in
465 3747 615 3814 animum
640 3748 734 3811 venit
755 3769 825 3812 non
848 3740 1104 3844 pronuntiative
1122 3762 1176 3804 ex·

25 3885 26 3888 η
75 3833 247 3914 ponimus3
279 3835 355 3910 sed,
390 3831 498 3897 veluti
531 3833 567 3898 in
596 3831 764 3919 gymnasio
788 3833 924 3892 auribus
947 3826 1101 3891 fidelibus
1123 3837 1179 3889 alt·

75 3915 193 3983 dienda
246 3939 460 4004 reponemus.
505 3917 597 4002 Quid
628 3935 705 4000 ergo
736 3913 779 3976 est
823 3915 890 3974 nod
914 3909 1029 3974 dehis
1054 3907 1179 3995 cogita·

75 4002 170 4064 mus‘l
235 4021 326 4066 armo
358 3999 416 4089 qui
446 3997 547 4076 dicit,
577 3997 660 4062 fecit
693 4001 783 4060 Deus
837 3993 1006 4068 ominem,
1043 3991 1180 4058 infinita

76 4081 315 4169 fignificatione
343 4101 479 4150 omnem
508 4082 753 4148 humanitatem
783 4078 935 4143 ostendit.
978 4079 1057 4142 Non
1087 4075 1179 4140 enim
1234 4083 1238 4088 “

75 4188 166 4234 nunc
186 4161 457 4261 cognominatur*
468 4184 638 4233 creaturae
659 4167 783 4239 Adam,
806 4163 888 4228 steut
909 4159 1180 4250 insequentibus
