2856 4978
442 225 552 302 laidet
572 221 738 312 (lumina.
1003 315 1007 323 ἱ
1072 223 1154 310 tat,
1186 276 1189 284 ·

62 408 203 488 efficatia.
225 426 266 478 ac
286 409 329 476 de
350 409 482 476 drohn·
501 401 731 480 intellectibsur
752 407 792 478 dt
812 430 924 487 aaut,
944 411 985 478 ab
1000 429 1043 478 eo
1077 410 1150 478 uod

62 497 145 560 ambo
164 493 285 558 sincere
306 508 341 557 et
361 491 599 571 incunctanter
618 494 840 582 intelligimus
861 493 1035 560 scrutatur.
1099 515 1149 558 er·

62 577 89 646 bi
106 575 222 664 gratia,
244 591 284 641 ut
305 598 344 641 ex
367 575 516 642 numeria
537 580 726 665 exemplum
747 578 1002 643 introducamus
1016 599 1026 644 a
1039 617 1043 624 ·
1058 577 1171 648 sena·.

60 661 136 728 rium
164 681 339 724 nummum
363 658 429 724 luia
449 659 600 746 partibus
622 663 685 726 else
705 663 877 749 aequalem
898 659 1007 725 intelli
1034 658 1077 737 'et
1114 673 1149 726 et

60 765 111 830 ego
129 743 272 808 similiter
292 741 468 830 intelligo,
490 759 524 807 et
546 743 736 832 intelligere
757 761 791 809 te
812 743 921 809 intelli
947 764 986 820 ο,
1034 758 1092 808 cut
1113 756 1148 809 et
1194 789 1206 814 0

59 850 104 892 me
122 825 277 912 intelligia
292 825 498 912 intelligere.
548 821 696 915 Uterque
715 829 824 893 noster
844 767 1036 895 intellectus
1058 846 1155 898 unua,

59 909 91 974 fit
115 909 238 974 senario
267 930 409 976 numero
438 909 619 985 formatur,
657 933 696 978 ac
725 933 786 1010 per
813 913 880 976 hoc
909 923 944 975 et
971 924 1034 997 ego
1055 907 1093 972 in
1115 923 1148 974 tc

57 1013 153 1070 neor,
178 1008 214 1056 et
232 1008 270 1057 tu
290 991 327 1058 in
349 1016 405 1057 me
425 993 555 1059 crearit.
574 997 664 1060 ·Non
687 1016 779 1060 enam
795 993 888 1060 aliud
903 994 1034 1068 samur,
1056 991 1150 1058 aliud

55 1075 150 1140 noller
170 1075 382 1160 intellectae3
413 1097 493 1141 vera
520 1077 682 1164 siquidem
710 1100 749 1144 ac
771 1078 898 1144 summa
918 1077 1027 1142 nostia
1049 1076 1149 1142 essen·

56 1158 96 1222 tia
126 1157 167 1222 eli
202 1158 395 1224 intellectae
426 1162 714 1248 contemplatione
742 1161 893 1226 veritatit
924 1157 1148 1307 specificatur.

56 1243 145 1326 Quod
165 1258 278 1308 autent
297 1241 490 1308 intellectus
513 1265 585 1310 non
607 1245 714 1310 solum
736 1243 938 1312 coessentiali
964 1241 1076 1306 nasibi
1091 1261 1149 1306 na·

56 1323 145 1412 turia,
178 1347 297 1390 verum
326 1324 427 1395 etiam
454 1325 671 1392 inferioribus
693 1325 898 1394 conformari
917 1325 1033 1414 poffit,
1066 1327 1149 1390 dum

55 1427 99 1474 eac
119 1412 259 1474 amando
281 1409 443 1497 intelligit
464 1411 522 1474 seu
545 1411 664 1486 sentit,
689 1412 794 1476 sermo
812 1413 913 1476 docet
927 1407 1147 1496 Apostolicua,
1190 1411 1194 1416 '

56 1489 268 1556 intellectuale
300 1491 462 1574 nimirum
485 1493 624 1580 diligere
644 1493 790 1560 vifibilee
809 1494 933 1560 formae
955 1491 1148 1579 perhibent.

54 1572 202 1640 dicendo:
238 1577 356 1642 Nolite
383 1569 583 1662 conformari
607 1581 683 1642 stuic
705 1575 828 1668 seculo.
871 1579 944 1642 Hac
965 1575 1080 1661 itaque
1099 1593 1149 1640 rt·

53 1653 344 1806 stilletis
363 1658 850 1810 stiltt'l‘tell'ltllt
870 1658 1149 1807 melitites?

53 1825 151 1908 gelum
180 1764 382 1911 praefiedere
409 1824 583 1891 hominem
611 1825 680 1892 ulla
711 1792 923 1911 conditionie
945 1765 1039 1912 legs,
1074 1823 1147 1889 ullo

53 1905 253 1991 proceffionie
281 1911 384 1973 rnodo
405 1925 496 1974 recte
519 1909 667 1975 creditur
688 1926 722 1974 et
734 1908 962 1998 intelligitur:
994 1904 1148 2000 quamvit

52 2006 174 2055 naturae
208 1991 383 2078 angelicae
415 1991 621 2059 creationem
650 1992 849 2080 prophetica
878 1991 1025 2074 narratio
1052 1988 1147 2080 priua

53 2074 299 2156 pronuntiet-ut
314 2073 413 2140 multi
426 2078 549 2142 volunt
557 2125 566 2152 ,
588 2079 757 2142 humanae
769 2096 850 2142 vero
862 2075 1034 2162 posteriue.
1065 2075 1146 2138 Non
1207 2140 1210 2152 ¹
1257 2097 1267 2127 ‚-

52 2155 130 2220 enim
149 2173 188 2221 ut
208 2157 258 2224 ait
279 2159 422 2222 Sanctue
442 2158 643 2248 Augustinus
666 2160 703 2226 in
727 2157 911 2226 undecimo
931 2157 1018 2224 libro
1033 2159 1076 2222 de
1091 2154 1147 2222 ci·
1188 2170 1191 2176 ·

15 2253 18 2258 ·
52 2237 143 2306 ritate
172 2240 242 2305 Dei
264 2240 425 2308 credibile
447 2243 509 2320 eil,
538 2243 688 2308 divinam
712 2243 908 2328 scripturam
928 2243 966 2306 in
988 2238 1147 2339 operibus

51 2321 96 2386 ser
126 2323 394 2408 primordialium
417 2341 450 2390 et
470 2326 739 2414 intelligibilium
761 2325 892 2392 dieram
912 2322 1147 2393 eondrtionem

52 2407 227 2474 coelestium
253 2409 425 2485 ,virtutum
457 2409 598 2474 omnino
629 2411 765 2485 siluisse,
797 2410 855 2474 sed
887 2410 940 2473 vel
969 2408 1006 2472 in
1037 2405 1148 2494 prima

52 2488 148 2556 fronte
168 2488 359 2567 Gen'eseoe,
381 2492 441 2556 ubi
462 2491 622 2579 scriptum
642 2493 695 2564 est.
720 2497 754 2556 in
767 2494 934 2575 principio
939 2485 1035 2580 feeit
1050 2492 1158 2564 Deus,

8 2587 9 2592 ’
52 2575 156 2638 coelrtm
179 2591 212 2640 et
235 2590 372 2646 terram,
395 2577 476 2642 coeli
494 2577 634 2641 nomine
653 2598 766 2640 earum
779 2575 942 2640 iacturam
955 2573 1145 2660 protulille;

51 2671 100 2718 aut
124 2661 225 2745 paulo
248 2659 318 2743 poll
339 2658 399 2722 ubi
420 2659 485 2733 ait,
519 2673 553 2724 et
574 2659 666 2724 dixit
686 2661 784 2723 Deus
795 2659 868 2754 fiat
886 2661 962 2731 luc,
994 2672 1029 2721 et
1039 2651 1148 2746 fucta

49 2737 170 2837 gslluoe.
213 2745 254 2807 ln
277 2743 435 2806 alterutro
459 2763 604 2829 namque
626 2744 702 2807 loco
724 2741 916 2828 praedictae
937 2755 1031 2827 pater
1046 2759 1147 2825 ange·

48 2823 135 2890 licam
155 2823 391 2892 conditionem
413 2825 612 2891 insinuatam
633 2826 729 2890 fuisse
750 2823 909 2901 affirmat,
948 2838 983 2887 et
1002 2821 1147 2888 maxime

48 2903 78 2970 in
105 2908 261 2976 secundo.
307 2913 344 2972 ln
377 2908 487 2994 primo
519 2908 646 2996 quippe
668 2909 726 2973 sub
748 2909 831 2974 coeli
851 2905 1076 2996 appellatione
1099 2917 1148 2968 to·

48 2986 106 3054 tiae
133 2990 322 3058 invisibilia
340 3006 511 3063 creantrae
539 2990 772 3056 conditionem
800 2993 876 3078 plue
898 2988 1006 3080 asserit
1026 2985 1147 3076 signifi·

47 3089 147 3139 catum
174 3075 212 3140 in
242 3074 381 3138 informi
408 3074 563 3147 materia,
595 3075 699 3161 quam*
726 3075 897 3160 angelicae
917 3088 1057 3138 naturae
1077 3071 1093 3134 s
1115 3092 1147 3134 e·

47 3151 166 3222 cialiter
187 3156 436 3223 formationem.
479 3163 516 3222 ln
540 3179 580 3222 eo
604 3180 683 3223 vero
729 3162 798 3223 uod
819 3158 978 3245 scriptum
1001 3155 1060 3231 est,
1074 3094 1151 3246 ssat¹

48 3239 99 3303 lar
117 3257 149 3304 et
160 3236 270 3330 foeta
292 3241 339 3332 est
359 3243 437 3312 lux,
464 3239 653 3308 coelestium
675 3265 692 3305 e
720 3241 886 3311 entiarum
908 3238 1146 3305 formationem

47 3325 240 3412 descriptam
271 3323 509 3390 incunctanter
537 3323 662 3390 asserite
699 3347 891 3412 quanquam
912 3323 1054 3390 aliorum
1075 3323 1146 3386 sen·
1247 3349 1249 3354 ·

46 3406 110 3471 sum
131 3407 374 3485 introduxerit,
421 3409 455 3472 ui
478 3409 513 3472 in
535 3412 601 3472 hoc
619 3407 736 3476 divino
750 3422 948 3495 praecepto,
972 3408 1146 3487 cujusdam

45 3489 230 3574 primitivae
251 3491 337 3556 lucie
358 3431 495 3556 visbilie
518 3491 700 3578 localisque
722 3491 758 3556 in
782 3489 1007 3579 superioribue
1025 3484 1147 3552 mundi

44 3575 188 3656 partibua
219 3572 403 3660 opinantur
434 3573 726 3660 constitutionem
758 3576 814 3640 cui
846 3589 957 3638 tamen
978 3567 1088 3635 sensui
1107 3567 1146 3632 in

45 3657 225 3724 Hexamcro
254 3660 313 3723 luo
336 3655 519 3723 acntiffimc
538 3673 714 3745 repugnat.
758 3657 861 3744 Quod
882 3671 994 3720 autem
1016 3653 1147 3718 dictum

46 3740 101 3816 est,
134 3757 168 3807 ee
202 3739 321 3834 divistr
344 3743 446 3806 latrem
475 3765 498 3806 a
524 3742 684 3822 terrebrir,
716 3753 752 3804 et
770 3743 908 3806 vocavit
929 3739 1027 3802 Dratr
1045 3736 1148 3800 laeam

45 3825 142 3901 diem,
165 3827 317 3891 tenebras
337 3849 415 3892 atero
435 3839 577 3900 noctem,
599 3820 780 3911 dupliciter
797 3825 872 3888 vult
891 3817 1053 3906 intelligi:
1088 3832 1167 3883 aut-

46 3907 131 3976 enim
164 3913 251 3974 lucis
271 3913 436 3976 vocabulo
457 3905 614 3975 formatio
636 3922 806 3973 creaturae
829 3904 1000 3992 angelicae
1020 3903 1056 3966 in
1076 3903 1149 3989 spe·

47 3991 94 4055 cie
117 3993 273 4081 propria,
303 3999 516 4060 tenebrarum
542 3985 625 4058 rer'o
653 3989 754 4078 ipsine
780 3991 983 4078 praecedent
1003 3985 1052 4052 ori
1080 3985 1146 4084 ne,
1216 3991 1221 3998 '

47 4095 111 4140 non
133 4093 287 4165 tempore
306 4077 495 4145 informitaa
517 4079 628 4143 adhuc
646 4074 863 4164 imperfecte,
896 4087 955 4136 aut
975 4069 1044 4137 dir‘
1071 4089 1149 4135 onie

44 4157 126 4236 ‚lucio
156 4183 176 4228 a
208 4162 356 4232 tenebrir
381 4159 565 4250 segregatio
595 4175 696 4248 atque
724 4153 913 4226 differentia
933 4153 1025 4222 illine
1043 4148 1149 4242 partie
