<?xml version="1.0" encoding="UTF-8"?>
<!DOCTYPE html PUBLIC "-//W3C//DTD XHTML 1.0 Transitional//EN"
    "http://www.w3.org/TR/xhtml1/DTD/xhtml1-transitional.dtd">
<html xmlns="http://www.w3.org/1999/xhtml" xml:lang="en" lang="en">
 <head>
  <title>
</title>
<meta http-equiv="Content-Type" content="text/html;charset=utf-8" />
  <meta name='ocr-system' content='tesseract 3.04.00' />
  <meta name='ocr-capabilities' content='ocr_page ocr_carea ocr_par ocr_line ocrx_word'/>
</head>
<body>
  <div class='ocr_page' id='page_1' title='image "./johannisscotier00schlgoog_0097.png"; bbox 0 0 2948 4978; ppageno 0'>
   <div class='ocr_carea' id='block_1_1' title="bbox 304 251 512 350">
    <p class='ocr_par' dir='ltr' id='par_1_1' title="bbox 304 251 512 350">
     <span class='ocr_line' id='line_1_1' title="bbox 304 251 512 350; baseline 0.005 -41"><span class='ocrx_word' id='word_1_1' title='bbox 304 251 438 350; x_wconf 51' lang='lat' dir='ltr'>tmffl</span> <span class='ocrx_word' id='word_1_2' title='bbox 508 327 512 344; x_wconf 51' lang='grc' dir='ltr'>Ι</span> 
     </span>
    </p>
   </div>
   <div class='ocr_carea' id='block_1_2' title="bbox 287 403 1426 1088">
    <p class='ocr_par' dir='ltr' id='par_1_2' title="bbox 310 403 1424 647">
     <span class='ocr_line' id='line_1_2' title="bbox 310 403 1424 498; baseline -0.007 -16"><span class='ocrx_word' id='word_1_3' title='bbox 310 416 450 495; x_wconf 79' lang='lat' dir='ltr'><strong>temnit,</strong></span> <span class='ocrx_word' id='word_1_4' title='bbox 486 416 529 481; x_wconf 90' lang='lat' dir='ltr'>ad</span> <span class='ocrx_word' id='word_1_5' title='bbox 558 410 686 484; x_wconf 82' lang='lat' dir='ltr'>exlium</span> <span class='ocrx_word' id='word_1_6' title='bbox 716 407 891 476; x_wconf 83' lang='lat' dir='ltr'>laetioatitt</span> <span class='ocrx_word' id='word_1_7' title='bbox 918 407 1136 498; x_wconf 68' lang='lat' dir='ltr'>pttddcaturl</span> <span class='ocrx_word' id='word_1_8' title='bbox 1176 403 1424 476; x_wconf 74' lang='lat' dir='ltr'>attuatamen</span> 
     </span>
     <span class='ocr_line' id='line_1_3' title="bbox 310 491 1424 647; baseline -0.007 -81"><span class='ocrx_word' id='word_1_9' title='bbox 310 500 517 577; x_wconf 77' lang='lat' dir='ltr'>infitiamur,</span> <span class='ocrx_word' id='word_1_10' title='bbox 543 495 678 586; x_wconf 83' lang='lat' dir='ltr'>Hegtlii</span> <span class='ocrx_word' id='word_1_11' title='bbox 699 491 981 582; x_wconf 68' lang='lat' dir='ltr'><strong>speculationem,</strong></span> <span class='ocrx_word' id='word_1_12' title='bbox 1003 492 1185 647; x_wconf 43' lang='lat' dir='ltr'>praecipite</span> <span class='ocrx_word' id='word_1_13' title='bbox 1200 493 1230 566; x_wconf 66' lang='lat' dir='ltr'>,fi</span> <span class='ocrx_word' id='word_1_14' title='bbox 1251 510 1424 558; x_wconf 76' lang='lat' dir='ltr'>eumcum</span> 
     </span>
    </p>

    <p class='ocr_par' dir='ltr' id='par_1_3' title="bbox 287 570 1426 1088">
     <span class='ocr_line' id='line_1_4' title="bbox 335 570 1421 665; baseline -0.008 -15"><span class='ocrx_word' id='word_1_15' title='bbox 335 585 443 650; x_wconf 81' lang='lat' dir='ltr'>ln&#39;loso</span> <span class='ocrx_word' id='word_1_16' title='bbox 468 583 525 648; x_wconf 88' lang='lat' dir='ltr'>hia</span> <span class='ocrx_word' id='word_1_17' title='bbox 546 581 663 650; x_wconf 78' lang='lat' dir='ltr'>critica</span> <span class='ocrx_word' id='word_1_18' title='bbox 684 592 719 648; x_wconf 87' lang='lat' dir='ltr'>et</span> <span class='ocrx_word' id='word_1_19' title='bbox 740 592 818 644; x_wconf 84' lang='lat' dir='ltr'>cum</span> <span class='ocrx_word' id='word_1_20' title='bbox 838 570 1025 659; x_wconf 72' lang='lat' dir='ltr'>subjective</span> <span class='ocrx_word' id='word_1_21' title='bbox 1043 574 1099 643; x_wconf 83' lang='lat' dir='ltr'>ido</span> <span class='ocrx_word' id='word_1_22' title='bbox 1135 577 1421 665; x_wconf 62' lang='lat' dir='ltr'>‘amocompareu</span> 
     </span>
     <span class='ocr_line' id='line_1_5' title="bbox 310 605 1426 768; baseline -0.01 -33"><span class='ocrx_word' id='word_1_23' title='bbox 310 605 354 735; x_wconf 76' lang='lat' dir='ltr'>it</span> <span class='ocrx_word' id='word_1_24' title='bbox 388 682 408 734; x_wconf 85' lang='lat' dir='ltr'>&#39;c</span> <span class='ocrx_word' id='word_1_25' title='bbox 462 669 564 734; x_wconf 79' lang='lat' dir='ltr'>iliona</span> <span class='ocrx_word' id='word_1_26' title='bbox 592 659 818 768; x_wconf 77' lang='lat' dir='ltr'>philosophia·</span> <span class='ocrx_word' id='word_1_27' title='bbox 836 670 872 728; x_wconf 84' lang='lat' dir='ltr'>et</span> <span class='ocrx_word' id='word_1_28' title='bbox 900 661 1070 760; x_wconf 73' lang='lat' dir='ltr'>theologia</span> <span class='ocrx_word' id='word_1_29' title='bbox 1093 661 1222 763; x_wconf 80' lang='lat' dir='ltr'>optime</span> <span class='ocrx_word' id='word_1_30' title='bbox 1234 663 1305 750; x_wconf 22' lang='lat' dir='ltr'>*elle</span> <span class='ocrx_word' id='word_1_31' title='bbox 1324 659 1426 726; x_wconf 86' lang='lat' dir='ltr'>meri·</span> 
     </span>
     <span class='ocr_line' id='line_1_6' title="bbox 309 745 1424 893; baseline -0.009 -75"><span class='ocrx_word' id='word_1_32' title='bbox 309 769 397 827; x_wconf 85' lang='lat' dir='ltr'>tam,</span> <span class='ocrx_word' id='word_1_33' title='bbox 428 766 529 839; x_wconf 88' lang='lat' dir='ltr'>atqua</span> <span class='ocrx_word' id='word_1_34' title='bbox 559 765 661 816; x_wconf 81' lang='lat' dir='ltr'>ettam</span> <span class='ocrx_word' id='word_1_35' title='bbox 687 749 856 835; x_wconf 79' lang='lat' dir='ltr'>lingente</span> <span class='ocrx_word' id='word_1_36' title='bbox 884 745 1014 893; x_wconf 66' lang='lat' dir='ltr'>scriptia</span> <span class='ocrx_word' id='word_1_37' title='bbox 1031 746 1170 814; x_wconf 75' lang='lat' dir='ltr'>tatium</span> <span class='ocrx_word' id='word_1_38' title='bbox 1190 745 1424 833; x_wconf 75' lang='lat' dir='ltr'>intelligendis</span> 
     </span>
     <span class='ocr_line' id='line_1_7' title="bbox 310 829 1424 924; baseline -0.007 -25"><span class='ocrx_word' id='word_1_39' title='bbox 310 837 559 924; x_wconf 89' lang='lat' dir='ltr'>quodammodo</span> <span class='ocrx_word' id='word_1_40' title='bbox 591 847 682 900; x_wconf 83' lang='lat' dir='ltr'>certe</span> <span class='ocrx_word' id='word_1_41' title='bbox 709 831 799 896; x_wconf 82' lang='lat' dir='ltr'>viam</span> <span class='ocrx_word' id='word_1_42' title='bbox 830 851 946 918; x_wconf 81' lang='lat' dir='ltr'>aperur</span> <span class='ocrx_word' id='word_1_43' title='bbox 973 847 999 894; x_wconf 86' lang='lat' dir='ltr'>e.</span> <span class='ocrx_word' id='word_1_44' title='bbox 1022 831 1200 918; x_wconf 72' lang='lat' dir='ltr'>&#39;Denique</span> <span class='ocrx_word' id='word_1_45' title='bbox 1223 837 1339 896; x_wconf 69' lang='lat' dir='ltr'>omnen</span> <span class='ocrx_word' id='word_1_46' title='bbox 1363 829 1424 915; x_wconf 86' lang='lat' dir='ltr'>qui</span> 
     </span>
     <span class='ocr_line' id='line_1_8' title="bbox 311 914 1421 1004; baseline -0.008 -20"><span class='ocrx_word' id='word_1_47' title='bbox 311 919 457 984; x_wconf 84' lang='lat' dir='ltr'>auctorit</span> <span class='ocrx_word' id='word_1_48' title='bbox 477 915 589 985; x_wconf 63' lang='lat' dir='ltr'>‘nostri</span> <span class='ocrx_word' id='word_1_49' title='bbox 617 914 759 984; x_wconf 87' lang='lat' dir='ltr'>lectioni</span> <span class='ocrx_word' id='word_1_50' title='bbox 791 914 1053 985; x_wconf 81' lang='lat' dir='ltr'>convenientem</span> <span class='ocrx_word' id='word_1_51' title='bbox 1074 922 1210 1004; x_wconf 82' lang='lat' dir='ltr'>operam</span> <span class='ocrx_word' id='word_1_52' title='bbox 1232 915 1421 986; x_wconf 74' lang='lat' dir='ltr'>natabunt,</span> 
     </span>
     <span class='ocr_line' id='line_1_9' title="bbox 287 995 1422 1088; baseline -0.006 -21"><span class='ocrx_word' id='word_1_53' title='bbox 287 1033 293 1050; x_wconf 74' lang='lat'><strong><em>¹</em></strong></span> <span class='ocrx_word' id='word_1_54' title='bbox 309 1003 454 1068; x_wconf 75' lang='lat' dir='ltr'>libenter</span> <span class='ocrx_word' id='word_1_55' title='bbox 467 1004 569 1070; x_wconf 87' lang='lat' dir='ltr'>etiam</span> <span class='ocrx_word' id='word_1_56' title='bbox 583 1001 718 1075; x_wconf 87' lang='lat' dir='ltr'>illorum</span> <span class='ocrx_word' id='word_1_57' title='bbox 730 997 991 1064; x_wconf 71' lang='lat' dir='ltr'>reminiscentur</span> <span class='ocrx_word' id='word_1_58' title='bbox 1000 1013 1201 1086; x_wconf 85' lang='lat' dir='ltr'>temporum,</span> <span class='ocrx_word' id='word_1_59' title='bbox 1221 995 1342 1088; x_wconf 82' lang='lat' dir='ltr'>quibit&#39;a</span> <span class='ocrx_word' id='word_1_60' title='bbox 1353 1013 1422 1060; x_wconf 86' lang='lat' dir='ltr'>tarn</span> 
     </span>
    </p>
   </div>
   <div class='ocr_carea' id='block_1_3' title="bbox 139 1081 1423 1172">
    <p class='ocr_par' dir='ltr' id='par_1_4' title="bbox 139 1081 1423 1172">
     <span class='ocr_line' id='line_1_10' title="bbox 139 1081 1423 1172; baseline -0.007 -21"><span class='ocrx_word' id='word_1_61' title='bbox 139 1161 143 1172; x_wconf 30' lang='grc' dir='ltr'>ι</span> <span class='ocrx_word' id='word_1_62' title='bbox 198 1085 206 1112; x_wconf 62' lang='grc'><strong>“</strong></span> <span class='ocrx_word' id='word_1_63' title='bbox 312 1087 378 1150; x_wconf 87' lang='lat' dir='ltr'>lide</span> <span class='ocrx_word' id='word_1_64' title='bbox 401 1089 551 1159; x_wconf 85' lang='lat' dir='ltr'>credere.</span> <span class='ocrx_word' id='word_1_65' title='bbox 585 1105 685 1170; x_wconf 90' lang='lat' dir='ltr'>quam</span> <span class='ocrx_word' id='word_1_66' title='bbox 705 1083 838 1147; x_wconf 87' lang='lat' dir='ltr'>ratione</span> <span class='ocrx_word' id='word_1_67' title='bbox 858 1103 970 1148; x_wconf 85' lang='lat' dir='ltr'>rerum</span> <span class='ocrx_word' id='word_1_68' title='bbox 992 1101 1117 1148; x_wconf 85' lang='lat' dir='ltr'>nexum</span> <span class='ocrx_word' id='word_1_69' title='bbox 1139 1099 1174 1148; x_wconf 91' lang='lat' dir='ltr'>et</span> <span class='ocrx_word' id='word_1_70' title='bbox 1194 1083 1307 1147; x_wconf 77' lang='lat' dir='ltr'>causat</span> <span class='ocrx_word' id='word_1_71' title='bbox 1327 1081 1423 1145; x_wconf 84' lang='lat' dir='ltr'>inve-</span> 
     </span>
    </p>
   </div>
   <div class='ocr_carea' id='block_1_4' title="bbox 241 1164 1468 2440">
    <p class='ocr_par' dir='ltr' id='par_1_5' title="bbox 241 1164 1468 2440">
     <span class='ocr_line' id='line_1_11' title="bbox 261 1164 1423 1256; baseline -0.003 -24"><span class='ocrx_word' id='word_1_72' title='bbox 261 1165 266 1180; x_wconf 65' lang='lat'><strong>*</strong></span> <span class='ocrx_word' id='word_1_73' title='bbox 310 1170 443 1256; x_wconf 76' lang='lat' dir='ltr'>[ligare.</span> <span class='ocrx_word' id='word_1_74' title='bbox 471 1178 505 1234; x_wconf 90' lang='lat' dir='ltr'>et</span> <span class='ocrx_word' id='word_1_75' title='bbox 526 1168 667 1233; x_wconf 87' lang='lat' dir='ltr'>alterum</span> <span class='ocrx_word' id='word_1_76' title='bbox 690 1165 784 1230; x_wconf 90' lang='lat' dir='ltr'>alteri</span> <span class='ocrx_word' id='word_1_77' title='bbox 806 1165 1005 1242; x_wconf 83' lang='lat' dir='ltr'>conciliare,</span> <span class='ocrx_word' id='word_1_78' title='bbox 1034 1165 1230 1232; x_wconf 73' lang='lat' dir='ltr'>hominibus</span> <span class='ocrx_word' id='word_1_79' title='bbox 1254 1165 1361 1253; x_wconf 81' lang='lat' dir='ltr'>magia</span> <span class='ocrx_word' id='word_1_80' title='bbox 1384 1164 1423 1228; x_wconf 88' lang='lat' dir='ltr'>in</span> 
     </span>
     <span class='ocr_line' id='line_1_12' title="bbox 309 1249 1423 1346; baseline -0.004 -29"><span class='ocrx_word' id='word_1_81' title='bbox 309 1264 470 1340; x_wconf 87' lang='lat' dir='ltr'>promptu</span> <span class='ocrx_word' id='word_1_82' title='bbox 492 1269 527 1318; x_wconf 92' lang='lat' dir='ltr'>et</span> <span class='ocrx_word' id='word_1_83' title='bbox 546 1265 707 1338; x_wconf 86' lang='lat' dir='ltr'>tanquam</span> <span class='ocrx_word' id='word_1_84' title='bbox 727 1251 880 1315; x_wconf 87' lang='lat' dir='ltr'>naturale</span> <span class='ocrx_word' id='word_1_85' title='bbox 902 1249 985 1326; x_wconf 80' lang='lat' dir='ltr'>fuit3</span> <span class='ocrx_word' id='word_1_86' title='bbox 1020 1250 1147 1338; x_wconf 83' lang='lat' dir='ltr'>quippe</span> <span class='ocrx_word' id='word_1_87' title='bbox 1169 1251 1246 1338; x_wconf 83' lang='lat' dir='ltr'>qui,</span> <span class='ocrx_word' id='word_1_88' title='bbox 1284 1263 1423 1346; x_wconf 84' lang='lat' dir='ltr'>quanta-</span> 
     </span>
     <span class='ocr_line' id='line_1_13' title="bbox 309 1333 1422 1424; baseline -0.006 -22"><span class='ocrx_word' id='word_1_89' title='bbox 309 1349 445 1424; x_wconf 75' lang='lat' dir='ltr'>cunque</span> <span class='ocrx_word' id='word_1_90' title='bbox 466 1335 533 1402; x_wconf 85' lang='lat' dir='ltr'>suit</span> <span class='ocrx_word' id='word_1_91' title='bbox 554 1334 645 1400; x_wconf 81' lang='lat' dir='ltr'>illiue</span> <span class='ocrx_word' id='word_1_92' title='bbox 666 1333 740 1398; x_wconf 85' lang='lat' dir='ltr'>aevi</span> <span class='ocrx_word' id='word_1_93' title='bbox 764 1334 919 1422; x_wconf 70' lang='lat' dir='ltr'>asperitas</span> <span class='ocrx_word' id='word_1_94' title='bbox 943 1347 977 1398; x_wconf 91' lang='lat' dir='ltr'>et</span> <span class='ocrx_word' id='word_1_95' title='bbox 989 1333 1171 1410; x_wconf 85' lang='lat' dir='ltr'>violentia,</span> <span class='ocrx_word' id='word_1_96' title='bbox 1194 1352 1305 1406; x_wconf 87' lang='lat' dir='ltr'>tamen</span> <span class='ocrx_word' id='word_1_97' title='bbox 1324 1335 1422 1420; x_wconf 89' lang='lat' dir='ltr'>saepe</span> 
     </span>
     <span class='ocr_line' id='line_1_14' title="bbox 310 1417 1421 1508; baseline -0.005 -22"><span class='ocrx_word' id='word_1_98' title='bbox 310 1420 462 1492; x_wconf 82' lang='lat' dir='ltr'>divinam</span> <span class='ocrx_word' id='word_1_99' title='bbox 490 1421 657 1508; x_wconf 88' lang='lat' dir='ltr'>quandam</span> <span class='ocrx_word' id='word_1_100' title='bbox 692 1417 931 1482; x_wconf 73' lang='lat' dir='ltr'>sublimitatem</span> <span class='ocrx_word' id='word_1_101' title='bbox 955 1439 1031 1484; x_wconf 89' lang='lat' dir='ltr'>cum</span> <span class='ocrx_word' id='word_1_102' title='bbox 1054 1417 1421 1505; x_wconf 77' lang='lat' dir='ltr'>humilitate‘piiffima,</span> 
     </span>
     <span class='ocr_line' id='line_1_15' title="bbox 310 1500 1421 1595; baseline -0.003 -27"><span class='ocrx_word' id='word_1_103' title='bbox 310 1503 434 1568; x_wconf 88' lang='lat' dir='ltr'>mentia</span> <span class='ocrx_word' id='word_1_104' title='bbox 464 1515 696 1595; x_wconf 75' lang='lat' dir='ltr'>paupertatem</span> <span class='ocrx_word' id='word_1_105' title='bbox 720 1523 800 1568; x_wconf 87' lang='lat' dir='ltr'>cum</span> <span class='ocrx_word' id='word_1_106' title='bbox 820 1500 987 1566; x_wconf 87' lang='lat' dir='ltr'>uberrima</span> <span class='ocrx_word' id='word_1_107' title='bbox 1008 1519 1218 1568; x_wconf 87' lang='lat' dir='ltr'>aeternarum</span> <span class='ocrx_word' id='word_1_108' title='bbox 1238 1503 1421 1568; x_wconf 81' lang='lat' dir='ltr'>veritatum</span> 
     </span>
     <span class='ocr_line' id='line_1_16' title="bbox 308 1585 1423 1674; baseline -0.004 -22"><span class='ocrx_word' id='word_1_109' title='bbox 308 1585 534 1661; x_wconf 80' lang='lat' dir='ltr'>abundantia.</span> <span class='ocrx_word' id='word_1_110' title='bbox 557 1585 663 1650; x_wconf 82' lang='lat' dir='ltr'>vitam</span> <span class='ocrx_word' id='word_1_111' title='bbox 686 1601 721 1652; x_wconf 88' lang='lat' dir='ltr'>et</span> <span class='ocrx_word' id='word_1_112' title='bbox 741 1585 881 1672; x_wconf 78' lang='lat' dir='ltr'>grandia</span> <span class='ocrx_word' id='word_1_113' title='bbox 903 1607 1004 1672; x_wconf 89' lang='lat' dir='ltr'>opera</span> <span class='ocrx_word' id='word_1_114' title='bbox 1026 1609 1103 1652; x_wconf 92' lang='lat' dir='ltr'>cum</span> <span class='ocrx_word' id='word_1_115' title='bbox 1125 1586 1334 1674; x_wconf 84' lang='lat' dir='ltr'>cogitatione</span> <span class='ocrx_word' id='word_1_116' title='bbox 1356 1586 1423 1648; x_wconf 88' lang='lat' dir='ltr'>alta</span> 
     </span>
     <span class='ocr_line' id='line_1_17' title="bbox 241 1667 1421 1758; baseline 0 -24"><span class='ocrx_word' id='word_1_117' title='bbox 241 1689 243 1698; x_wconf 76' lang='grc'>’</span> <span class='ocrx_word' id='word_1_118' title='bbox 308 1685 343 1734; x_wconf 91' lang='lat' dir='ltr'>et</span> <span class='ocrx_word' id='word_1_119' title='bbox 372 1672 542 1758; x_wconf 82' lang='lat' dir='ltr'>profunda</span> <span class='ocrx_word' id='word_1_120' title='bbox 572 1675 779 1758; x_wconf 82' lang='lat' dir='ltr'>conjungere</span> <span class='ocrx_word' id='word_1_121' title='bbox 807 1668 978 1736; x_wconf 83' lang='lat' dir='ltr'>sciverint.</span> <span class='ocrx_word' id='word_1_122' title='bbox 1029 1673 1112 1736; x_wconf 86' lang='lat' dir='ltr'>Earn</span> <span class='ocrx_word' id='word_1_123' title='bbox 1133 1674 1176 1736; x_wconf 92' lang='lat' dir='ltr'>ob</span> <span class='ocrx_word' id='word_1_124' title='bbox 1200 1669 1330 1736; x_wconf 86' lang='lat' dir='ltr'>causam</span> <span class='ocrx_word' id='word_1_125' title='bbox 1352 1667 1421 1734; x_wconf 82' lang='lat' dir='ltr'>illia</span> 
     </span>
     <span class='ocr_line' id='line_1_18' title="bbox 307 1751 1468 1842; baseline 0 -24"><span class='ocrx_word' id='word_1_126' title='bbox 307 1753 471 1842; x_wconf 83' lang='lat' dir='ltr'>contigit.</span> <span class='ocrx_word' id='word_1_127' title='bbox 499 1771 541 1835; x_wconf 75' lang='lat' dir='ltr'>ut</span> <span class='ocrx_word' id='word_1_128' title='bbox 562 1753 694 1818; x_wconf 80' lang='lat' dir='ltr'>facilius</span> <span class='ocrx_word' id='word_1_129' title='bbox 715 1752 950 1840; x_wconf 80' lang='lat' dir='ltr'>philosophiae</span> <span class='ocrx_word' id='word_1_130' title='bbox 972 1768 1006 1819; x_wconf 86' lang='lat' dir='ltr'>et</span> <span class='ocrx_word' id='word_1_131' title='bbox 1052 1752 1163 1820; x_wconf 72' lang='lat' dir='ltr'>oeseoe</span> <span class='ocrx_word' id='word_1_132' title='bbox 1186 1776 1263 1819; x_wconf 92' lang='lat' dir='ltr'>cum</span> <span class='ocrx_word' id='word_1_133' title='bbox 1284 1751 1420 1841; x_wconf 83' lang='lat' dir='ltr'>religio·</span> <span class='ocrx_word' id='word_1_134' title='bbox 1467 1837 1468 1840; x_wconf 8' lang='grc' dir='ltr'><strong>Ἴ</strong></span> 
     </span>
     <span class='ocr_line' id='line_1_19' title="bbox 305 1835 1468 1924; baseline -0.001 -23"><span class='ocrx_word' id='word_1_135' title='bbox 305 1859 352 1901; x_wconf 89' lang='lat' dir='ltr'>ne</span> <span class='ocrx_word' id='word_1_136' title='bbox 373 1837 560 1912; x_wconf 87' lang='lat' dir='ltr'>unionem,</span> <span class='ocrx_word' id='word_1_137' title='bbox 583 1857 683 1924; x_wconf 90' lang='lat' dir='ltr'>quam</span> <span class='ocrx_word' id='word_1_138' title='bbox 704 1857 783 1901; x_wconf 81' lang='lat' dir='ltr'>vera</span> <span class='ocrx_word' id='word_1_139' title='bbox 805 1852 839 1902; x_wconf 89' lang='lat' dir='ltr'>et</span> <span class='ocrx_word' id='word_1_140' title='bbox 851 1835 1010 1906; x_wconf 85' lang='lat' dir='ltr'>aeternai</span> <span class='ocrx_word' id='word_1_141' title='bbox 1037 1861 1075 1902; x_wconf 89' lang='lat' dir='ltr'>ea</span> <span class='ocrx_word' id='word_1_142' title='bbox 1090 1859 1128 1901; x_wconf 86' lang='lat' dir='ltr'>ex</span> <span class='ocrx_word' id='word_1_143' title='bbox 1156 1839 1282 1912; x_wconf 73' lang='lat' dir='ltr'>ollulae,</span> <span class='ocrx_word' id='word_1_144' title='bbox 1306 1859 1421 1924; x_wconf 87' lang='lat' dir='ltr'>quam·</span> <span class='ocrx_word' id='word_1_145' title='bbox 1467 1847 1468 1858; x_wconf 62' lang='lat'>¹</span> 
     </span>
     <span class='ocr_line' id='line_1_20' title="bbox 306 1861 1429 2068; baseline 0.002 -84"><span class='ocrx_word' id='word_1_146' title='bbox 306 1941 372 2068; x_wconf 76' lang='lat' dir='ltr'>que</span> <span class='ocrx_word' id='word_1_147' title='bbox 399 1921 558 2007; x_wconf 79' lang='lat' dir='ltr'>nonnulli</span> <span class='ocrx_word' id='word_1_148' title='bbox 586 1920 814 1986; x_wconf 85' lang='lat' dir='ltr'>recentiorum</span> <span class='ocrx_word' id='word_1_149' title='bbox 844 1936 1014 2008; x_wconf 80' lang='lat' dir='ltr'>tamquam</span> <span class='ocrx_word' id='word_1_150' title='bbox 1040 1861 1242 2010; x_wconf 71' lang='lat' dir='ltr'>propietico</span> <span class='ocrx_word' id='word_1_151' title='bbox 1273 1925 1429 2009; x_wconf 69' lang='lat' dir='ltr'>quodam,</span> 
     </span>
     <span class='ocr_line' id='line_1_21' title="bbox 321 2003 1419 2092; baseline 0.004 -26"><span class='ocrx_word' id='word_1_152' title='bbox 321 2023 424 2070; x_wconf 87' lang='lat' dir='ltr'>omno</span> <span class='ocrx_word' id='word_1_153' title='bbox 448 2005 569 2078; x_wconf 80' lang='lat' dir='ltr'>denuo</span> <span class='ocrx_word' id='word_1_154' title='bbox 600 2003 782 2069; x_wconf 80' lang='lat' dir='ltr'>defiderare&#39;</span> <span class='ocrx_word' id='word_1_155' title='bbox 804 2019 1008 2092; x_wconf 86' lang='lat' dir='ltr'>coeperunt,</span> <span class='ocrx_word' id='word_1_156' title='bbox 1040 2005 1167 2070; x_wconf 85' lang='lat' dir='ltr'>tamin</span> <span class='ocrx_word' id='word_1_157' title='bbox 1190 2004 1281 2081; x_wconf 85' lang='lat' dir='ltr'>vita,</span> <span class='ocrx_word' id='word_1_158' title='bbox 1319 2025 1419 2092; x_wconf 89' lang='lat' dir='ltr'>quam</span> 
     </span>
     <span class='ocr_line' id='line_1_22' title="bbox 306 2086 1420 2188; baseline 0 -36"><span class='ocrx_word' id='word_1_159' title='bbox 306 2087 344 2152; x_wconf 88' lang='lat' dir='ltr'>in</span> <span class='ocrx_word' id='word_1_160' title='bbox 374 2087 504 2188; x_wconf 86' lang='lat' dir='ltr'>scriptia</span> <span class='ocrx_word' id='word_1_161' title='bbox 531 2108 568 2152; x_wconf 87' lang='lat' dir='ltr'>re</span> <span class='ocrx_word' id='word_1_162' title='bbox 598 2109 674 2152; x_wconf 79' lang='lat' dir='ltr'>vera</span> <span class='ocrx_word' id='word_1_163' title='bbox 704 2086 888 2174; x_wconf 80' lang='lat' dir='ltr'>exprimere</span> <span class='ocrx_word' id='word_1_164' title='bbox 918 2087 1105 2174; x_wconf 87' lang='lat' dir='ltr'>potuerint.</span> <span class='ocrx_word' id='word_1_165' title='bbox 1156 2091 1204 2152; x_wconf 90' lang='lat' dir='ltr'>lta</span> <span class='ocrx_word' id='word_1_166' title='bbox 1230 2110 1273 2153; x_wconf 89' lang='lat' dir='ltr'>ue</span> <span class='ocrx_word' id='word_1_167' title='bbox 1304 2111 1356 2152; x_wconf 87' lang='lat' dir='ltr'>ma</span> <span class='ocrx_word' id='word_1_168' title='bbox 1383 2089 1420 2152; x_wconf 90' lang='lat' dir='ltr'>ni</span> 
     </span>
     <span class='ocr_line' id='line_1_23' title="bbox 307 2113 1422 2260; baseline 0.001 -24"><span class='ocrx_word' id='word_1_169' title='bbox 307 2175 409 2252; x_wconf 75' lang='lat' dir='ltr'>hujus</span> <span class='ocrx_word' id='word_1_170' title='bbox 429 2171 561 2260; x_wconf 83' lang='lat' dir='ltr'>angenii</span> <span class='ocrx_word' id='word_1_171' title='bbox 583 2169 708 2256; x_wconf 80' lang='lat' dir='ltr'>effigiet</span> <span class='ocrx_word' id='word_1_172' title='bbox 729 2187 877 2257; x_wconf 86' lang='lat' dir='ltr'>ponatur</span> <span class='ocrx_word' id='word_1_173' title='bbox 897 2175 988 2250; x_wconf 83' lang='lat' dir='ltr'>juxta</span> <span class='ocrx_word' id='word_1_174' title='bbox 1009 2169 1174 2260; x_wconf 75' lang='lat' dir='ltr'>imagines</span> <span class='ocrx_word' id='word_1_175' title='bbox 1231 2171 1331 2247; x_wconf 84' lang='lat' dir='ltr'>antii,</span> <span class='ocrx_word' id='word_1_176' title='bbox 1355 2113 1422 2237; x_wconf 60' lang='lat' dir='ltr'>fio·</span> 
     </span>
     <span class='ocr_line' id='line_1_24' title="bbox 253 2253 1421 2342; baseline 0.003 -24"><span class='ocrx_word' id='word_1_177' title='bbox 253 2336 255 2340; x_wconf 27' lang='grc'>,</span> <span class='ocrx_word' id='word_1_178' title='bbox 306 2260 533 2330; x_wconf 84' lang='lat' dir='ltr'>n&#39;aventurae,</span> <span class='ocrx_word' id='word_1_179' title='bbox 564 2255 590 2318; x_wconf 87' lang='lat' dir='ltr'>J.</span> <span class='ocrx_word' id='word_1_180' title='bbox 612 2253 788 2330; x_wconf 88' lang='lat' dir='ltr'>Boehmii,</span> <span class='ocrx_word' id='word_1_181' title='bbox 818 2275 1072 2342; x_wconf 86' lang='lat' dir='ltr'>paucorumque</span> <span class='ocrx_word' id='word_1_182' title='bbox 1095 2255 1257 2330; x_wconf 86' lang='lat' dir='ltr'>aliorum,</span> <span class='ocrx_word' id='word_1_183' title='bbox 1289 2255 1348 2342; x_wconf 91' lang='lat' dir='ltr'>qui</span> <span class='ocrx_word' id='word_1_184' title='bbox 1369 2256 1421 2321; x_wconf 90' lang='lat' dir='ltr'>in·</span> 
     </span>
     <span class='ocr_line' id='line_1_25' title="bbox 303 2337 1421 2440; baseline 0.002 -38"><span class='ocrx_word' id='word_1_185' title='bbox 303 2337 390 2419; x_wconf 85' lang='lat' dir='ltr'>juria</span> <span class='ocrx_word' id='word_1_186' title='bbox 420 2353 611 2440; x_wconf 69' lang='lat' dir='ltr'>temporum</span> <span class='ocrx_word' id='word_1_187' title='bbox 641 2338 812 2425; x_wconf 87' lang='lat' dir='ltr'>paulitper</span> <span class='ocrx_word' id='word_1_188' title='bbox 840 2337 1001 2424; x_wconf 86' lang='lat' dir='ltr'>oppreffi,</span> <span class='ocrx_word' id='word_1_189' title='bbox 1033 2354 1066 2402; x_wconf 87' lang='lat' dir='ltr'>et</span> <span class='ocrx_word' id='word_1_190' title='bbox 1093 2339 1157 2404; x_wconf 81' lang='lat' dir='ltr'>satu</span> <span class='ocrx_word' id='word_1_191' title='bbox 1186 2339 1355 2404; x_wconf 77' lang='lat' dir='ltr'>obscurati</span> <span class='ocrx_word' id='word_1_192' title='bbox 1386 2355 1421 2404; x_wconf 92' lang='lat' dir='ltr'>et</span> 
     </span>
    </p>
   </div>
   <div class='ocr_carea' id='block_1_5' title="bbox 305 2421 1420 2510">
    <p class='ocr_par' dir='ltr' id='par_1_6' title="bbox 305 2421 1420 2510">
     <span class='ocr_line' id='line_1_26' title="bbox 305 2421 1420 2510; baseline 0 -24"><span class='ocrx_word' id='word_1_193' title='bbox 305 2443 446 2508; x_wconf 85' lang='lat' dir='ltr'>paener</span> <span class='ocrx_word' id='word_1_194' title='bbox 471 2440 563 2496; x_wconf 90' lang='lat' dir='ltr'>nou,</span> <span class='ocrx_word' id='word_1_195' title='bbox 585 2442 680 2487; x_wconf 88' lang='lat' dir='ltr'>nunc</span> <span class='ocrx_word' id='word_1_196' title='bbox 700 2422 838 2486; x_wconf 76' lang='lat' dir='ltr'>tandem</span> <span class='ocrx_word' id='word_1_197' title='bbox 862 2443 916 2496; x_wconf 90' lang='lat' dir='ltr'>ea,</span> <span class='ocrx_word' id='word_1_198' title='bbox 940 2443 1005 2510; x_wconf 86' lang='lat' dir='ltr'>qua</span> <span class='ocrx_word' id='word_1_199' title='bbox 1027 2424 1142 2499; x_wconf 88' lang='lat' dir='ltr'>decet,</span> <span class='ocrx_word' id='word_1_200' title='bbox 1167 2421 1258 2488; x_wconf 90' lang='lat' dir='ltr'>inter</span> <span class='ocrx_word' id='word_1_201' title='bbox 1275 2421 1420 2488; x_wconf 84' lang='lat' dir='ltr'>christia·</span> 
     </span>
    </p>
   </div>
   <div class='ocr_carea' id='block_1_6' title="bbox 304 2443 1421 2650">
    <p class='ocr_par' dir='ltr' id='par_1_7' title="bbox 304 2443 1421 2650">
     <span class='ocr_line' id='line_1_27' title="bbox 304 2443 1421 2650; baseline 0 -80"><span class='ocrx_word' id='word_1_202' title='bbox 304 2523 368 2570; x_wconf 88' lang='lat' dir='ltr'>noa</span> <span class='ocrx_word' id='word_1_203' title='bbox 399 2443 618 2594; x_wconf 67' lang='lat' dir='ltr'>phiosophoa</span> <span class='ocrx_word' id='word_1_204' title='bbox 647 2521 684 2572; x_wconf 91' lang='lat' dir='ltr'>et</span> <span class='ocrx_word' id='word_1_205' title='bbox 714 2513 832 2596; x_wconf 73' lang='lat' dir='ltr'>poetae</span> <span class='ocrx_word' id='word_1_206' title='bbox 852 2525 939 2650; x_wconf 81' lang='lat' dir='ltr'>prae</span> <span class='ocrx_word' id='word_1_207' title='bbox 964 2505 1104 2571; x_wconf 83' lang='lat' dir='ltr'>caeteria</span> <span class='ocrx_word' id='word_1_208' title='bbox 1127 2505 1315 2572; x_wconf 75' lang='lat' dir='ltr'>eminentes</span> <span class='ocrx_word' id='word_1_209' title='bbox 1340 2528 1421 2594; x_wconf 83' lang='lat' dir='ltr'>gau·</span> 
     </span>
    </p>
   </div>
   <div class='ocr_carea' id='block_1_7' title="bbox 305 2588 1421 2940">
    <p class='ocr_par' dir='ltr' id='par_1_8' title="bbox 305 2588 1421 2940">
     <span class='ocr_line' id='line_1_28' title="bbox 306 2588 1421 2688; baseline 0.004 -36"><span class='ocrx_word' id='word_1_210' title='bbox 306 2591 388 2654; x_wconf 84' lang='lat' dir='ltr'>dent</span> <span class='ocrx_word' id='word_1_211' title='bbox 419 2589 525 2676; x_wconf 84' lang='lat' dir='ltr'>gratia</span> <span class='ocrx_word' id='word_1_212' title='bbox 552 2605 587 2654; x_wconf 90' lang='lat' dir='ltr'>et</span> <span class='ocrx_word' id='word_1_213' title='bbox 612 2588 810 2654; x_wconf 75' lang='lat' dir='ltr'>reverentia.</span> <span class='ocrx_word' id='word_1_214' title='bbox 871 2606 924 2652; x_wconf 83' lang='lat' dir='ltr'>am</span> <span class='ocrx_word' id='word_1_215' title='bbox 952 2588 1148 2688; x_wconf 89' lang='lat' dir='ltr'>quicunque</span> <span class='ocrx_word' id='word_1_216' title='bbox 1170 2589 1285 2660; x_wconf 84' lang='lat' dir='ltr'>divina</span> <span class='ocrx_word' id='word_1_217' title='bbox 1311 2605 1345 2655; x_wconf 87' lang='lat' dir='ltr'>ct</span> <span class='ocrx_word' id='word_1_218' title='bbox 1365 2610 1421 2656; x_wconf 87' lang='lat' dir='ltr'>ae·</span> 
     </span>
     <span class='ocr_line' id='line_1_29' title="bbox 306 2671 1421 2763; baseline 0.004 -28"><span class='ocrx_word' id='word_1_219' title='bbox 306 2686 401 2736; x_wconf 79' lang='lat' dir='ltr'>aetna</span> <span class='ocrx_word' id='word_1_220' title='bbox 423 2673 534 2739; x_wconf 88' lang='lat' dir='ltr'>adhuc</span> <span class='ocrx_word' id='word_1_221' title='bbox 554 2671 742 2759; x_wconf 78' lang='lat' dir='ltr'>suspiratio,</span> <span class='ocrx_word' id='word_1_222' title='bbox 766 2691 907 2758; x_wconf 87' lang='lat' dir='ltr'>eamque</span> <span class='ocrx_word' id='word_1_223' title='bbox 920 2671 1095 2738; x_wconf 78' lang='lat' dir='ltr'>sectamint</span> <span class='ocrx_word' id='word_1_224' title='bbox 1111 2688 1145 2738; x_wconf 93' lang='lat' dir='ltr'>et</span> <span class='ocrx_word' id='word_1_225' title='bbox 1159 2674 1277 2738; x_wconf 87' lang='lat' dir='ltr'>amatia</span> <span class='ocrx_word' id='word_1_226' title='bbox 1290 2673 1421 2763; x_wconf 88' lang='lat' dir='ltr'>sapien·</span> 
     </span>
     <span class='ocr_line' id='line_1_30' title="bbox 305 2753 1420 2842; baseline 0.004 -23"><span class='ocrx_word' id='word_1_227' title='bbox 305 2753 407 2834; x_wconf 77' lang='lat' dir='ltr'>tiam,</span> <span class='ocrx_word' id='word_1_228' title='bbox 453 2777 516 2821; x_wconf 86' lang='lat' dir='ltr'>uae</span> <span class='ocrx_word' id='word_1_229' title='bbox 538 2775 656 2820; x_wconf 86' lang='lat' dir='ltr'>omnea</span> <span class='ocrx_word' id='word_1_230' title='bbox 676 2771 755 2820; x_wconf 84' lang='lat' dir='ltr'>vere</span> <span class='ocrx_word' id='word_1_231' title='bbox 777 2753 943 2842; x_wconf 75' lang='lat' dir='ltr'>sapientes</span> <span class='ocrx_word' id='word_1_232' title='bbox 963 2757 1040 2820; x_wconf 89' lang='lat' dir='ltr'>luce</span> <span class='ocrx_word' id='word_1_233' title='bbox 1064 2756 1119 2820; x_wconf 89' lang='lat' dir='ltr'>sua</span> <span class='ocrx_word' id='word_1_234' title='bbox 1141 2755 1326 2833; x_wconf 87' lang='lat' dir='ltr'>illuminat,</span> <span class='ocrx_word' id='word_1_235' title='bbox 1350 2757 1420 2824; x_wconf 85' lang='lat' dir='ltr'>five</span> 
     </span>
     <span class='ocr_line' id='line_1_31' title="bbox 305 2777 1420 2940; baseline 0.004 -38"><span class='ocrx_word' id='word_1_236' title='bbox 305 2838 402 2926; x_wconf 84' lang='lat' dir='ltr'>parvi</span> <span class='ocrx_word' id='word_1_237' title='bbox 430 2777 495 2902; x_wconf 74' lang='lat' dir='ltr'>int</span> <span class='ocrx_word' id='word_1_238' title='bbox 516 2837 582 2904; x_wconf 81' lang='lat' dir='ltr'>five</span> <span class='ocrx_word' id='word_1_239' title='bbox 603 2839 736 2925; x_wconf 84' lang='lat' dir='ltr'>magni,</span> <span class='ocrx_word' id='word_1_240' title='bbox 766 2837 805 2903; x_wconf 88' lang='lat' dir='ltr'>fit</span> <span class='ocrx_word' id='word_1_241' title='bbox 827 2837 923 2904; x_wconf 78' lang='lat' dir='ltr'>vobio</span> <span class='ocrx_word' id='word_1_242' title='bbox 945 2842 1011 2906; x_wconf 89' lang='lat' dir='ltr'>hoc</span> <span class='ocrx_word' id='word_1_243' title='bbox 1033 2839 1198 2940; x_wconf 38' lang='lat' dir='ltr'>&#39;al-rigente</span> <span class='ocrx_word' id='word_1_244' title='bbox 1218 2863 1420 2906; x_wconf 85' lang='lat' dir='ltr'>monumen·</span> 
     </span>
    </p>
   </div>
   <div class='ocr_carea' id='block_1_8' title="bbox 305 2921 1422 3008">
    <p class='ocr_par' dir='ltr' id='par_1_9' title="bbox 305 2921 1422 3008">
     <span class='ocr_line' id='line_1_32' title="bbox 305 2921 1422 3008; baseline 0.004 -23"><span class='ocrx_word' id='word_1_245' title='bbox 305 2938 378 2988; x_wconf 88' lang='lat' dir='ltr'>tum</span> <span class='ocrx_word' id='word_1_246' title='bbox 407 2923 596 3007; x_wconf 79' lang='lat' dir='ltr'>profundae</span> <span class='ocrx_word' id='word_1_247' title='bbox 628 2937 667 2986; x_wconf 77' lang='lat' dir='ltr'>et.</span> <span class='ocrx_word' id='word_1_248' title='bbox 694 2921 862 3008; x_wconf 85' lang='lat' dir='ltr'>paciferae</span> <span class='ocrx_word' id='word_1_249' title='bbox 886 2924 1123 2998; x_wconf 82' lang='lat' dir='ltr'>delectatrom,</span> <span class='ocrx_word' id='word_1_250' title='bbox 1155 2923 1361 2990; x_wconf 81' lang='lat' dir='ltr'>institutioni</span> <span class='ocrx_word' id='word_1_251' title='bbox 1386 2941 1422 2990; x_wconf 94' lang='lat' dir='ltr'>et</span> 
     </span>
    </p>
   </div>
   <div class='ocr_carea' id='block_1_9' title="bbox 189 3003 1420 3094">
    <p class='ocr_par' dir='ltr' id='par_1_10' title="bbox 189 3003 1420 3094">
     <span class='ocr_line' id='line_1_33' title="bbox 189 3003 1420 3094; baseline 0.005 -26"><span class='ocrx_word' id='word_1_252' title='bbox 189 3068 191 3077; x_wconf 84' lang='grc'>,</span> <span class='ocrx_word' id='word_1_253' title='bbox 307 3005 438 3070; x_wconf 78' lang='lat' dir='ltr'>validae</span> <span class='ocrx_word' id='word_1_254' title='bbox 460 3006 496 3070; x_wconf 90' lang='lat' dir='ltr'>in</span> <span class='ocrx_word' id='word_1_255' title='bbox 519 3007 630 3072; x_wconf 87' lang='lat' dir='ltr'>sancta</span> <span class='ocrx_word' id='word_1_256' title='bbox 653 3003 718 3070; x_wconf 86' lang='lat' dir='ltr'>fide</span> <span class='ocrx_word' id='word_1_257' title='bbox 740 3023 774 3070; x_wconf 90' lang='lat' dir='ltr'>et</span> <span class='ocrx_word' id='word_1_258' title='bbox 792 3006 919 3094; x_wconf 87' lang='lat' dir='ltr'>pietate</span> <span class='ocrx_word' id='word_1_259' title='bbox 941 3005 1202 3074; x_wconf 87' lang='lat' dir='ltr'>confirmationi.</span> <span class='ocrx_word' id='word_1_260' title='bbox 1245 3007 1366 3076; x_wconf 86' lang='lat' dir='ltr'>Venite</span> <span class='ocrx_word' id='word_1_261' title='bbox 1384 3027 1420 3076; x_wconf 89' lang='lat' dir='ltr'>et</span> 
     </span>
    </p>
   </div>
   <div class='ocr_carea' id='block_1_10' title="bbox 307 3087 1078 3178">
    <p class='ocr_par' dir='ltr' id='par_1_11' title="bbox 307 3087 1078 3178">
     <span class='ocr_line' id='line_1_34' title="bbox 307 3087 1078 3178; baseline 0.003 -25"><span class='ocrx_word' id='word_1_262' title='bbox 307 3091 448 3178; x_wconf 70' lang='lat' dir='ltr'>gustate,</span> <span class='ocrx_word' id='word_1_263' title='bbox 475 3111 575 3178; x_wconf 86' lang='lat' dir='ltr'>quam</span> <span class='ocrx_word' id='word_1_264' title='bbox 597 3087 707 3153; x_wconf 82' lang='lat' dir='ltr'>suavia</span> <span class='ocrx_word' id='word_1_265' title='bbox 727 3089 769 3154; x_wconf 86' lang='lat' dir='ltr'>fit</span> <span class='ocrx_word' id='word_1_266' title='bbox 787 3089 975 3157; x_wconf 72' lang='lat' dir='ltr'>Dominus!</span> <span class='ocrx_word' id='word_1_267' title='bbox 998 3123 1040 3136; x_wconf 94' lang='lat'>-</span> <span class='ocrx_word' id='word_1_268' title='bbox 1075 3139 1078 3155; x_wconf 91' lang='lat'><strong>.</strong></span> 
     </span>
    </p>
   </div>
   <div class='ocr_carea' id='block_1_11' title="bbox 368 3252 1144 3377">
    <p class='ocr_par' dir='ltr' id='par_1_12' title="bbox 368 3252 1144 3377">
     <span class='ocr_line' id='line_1_35' title="bbox 368 3252 1144 3377; baseline 0.004 -59"><span class='ocrx_word' id='word_1_269' title='bbox 368 3252 560 3320; x_wconf 83' lang='lat' dir='ltr'>Monallerii</span> <span class='ocrx_word' id='word_1_270' title='bbox 584 3253 878 3358; x_wconf 77' lang='lat' dir='ltr'>Guelipiaalot&#39;um,</span> <span class='ocrx_word' id='word_1_271' title='bbox 899 3267 932 3340; x_wconf 88' lang='grc'>4.</span> <span class='ocrx_word' id='word_1_272' title='bbox 953 3259 1025 3323; x_wconf 88' lang='lat' dir='ltr'>lau.</span> <span class='ocrx_word' id='word_1_273' title='bbox 1055 3267 1144 3377; x_wconf 50' lang='lat'><em>1838:</em></span> 
     </span>
    </p>
   </div>
   <div class='ocr_carea' id='block_1_12' title="bbox 668 3481 1291 3616">
    <p class='ocr_par' dir='ltr' id='par_1_13' title="bbox 668 3481 1291 3616">
     <span class='ocr_line' id='line_1_36' title="bbox 668 3481 1291 3616; baseline 0.008 -20"><span class='ocrx_word' id='word_1_274' title='bbox 668 3481 858 3596; x_wconf 59' lang='lat' dir='ltr'>&#39;oxu</span> <span class='ocrx_word' id='word_1_275' title='bbox 910 3517 1291 3616; x_wconf 55' lang='lat' dir='ltr'>statutor„</span> 
     </span>
    </p>
   </div>
   <div class='ocr_carea' id='block_1_13' title="bbox 505 3679 1417 3756">
    <p class='ocr_par' dir='ltr' id='par_1_14' title="bbox 505 3679 1417 3756">
     <span class='ocr_line' id='line_1_37' title="bbox 505 3679 1417 3756; baseline 0.011 -25"><span class='ocrx_word' id='word_1_276' title='bbox 505 3681 630 3732; x_wconf 82' lang='lat' dir='ltr'>Privatim</span> <span class='ocrx_word' id='word_1_277' title='bbox 638 3679 750 3736; x_wconf 78' lang='lat' dir='ltr'>lrloceua</span> <span class='ocrx_word' id='word_1_278' title='bbox 788 3683 961 3754; x_wconf 79' lang='lat' dir='ltr'>hilotophiae</span> <span class='ocrx_word' id='word_1_279' title='bbox 980 3687 1009 3738; x_wconf 88' lang='lat' dir='ltr'>in</span> <span class='ocrx_word' id='word_1_280' title='bbox 1028 3686 1108 3756; x_wconf 68' lang='lat' dir='ltr'>Regia</span> <span class='ocrx_word' id='word_1_281' title='bbox 1125 3685 1260 3739; x_wconf 77' lang='lat' dir='ltr'>academia</span> <span class='ocrx_word' id='word_1_282' title='bbox 1279 3687 1417 3740; x_wconf 72' lang='lat' dir='ltr'>lior-natica</span> 
     </span>
    </p>
   </div>
   <div class='ocr_carea' id='block_1_14' title="bbox 799 3753 1293 3862">
    <p class='ocr_par' dir='ltr' id='par_1_15' title="bbox 799 3753 1293 3862">
     <span class='ocr_line' id='line_1_38' title="bbox 799 3753 1293 3862; baseline 0.004 -54"><span class='ocrx_word' id='word_1_283' title='bbox 799 3755 927 3808; x_wconf 70' lang='lat' dir='ltr'>coactetis</span> <span class='ocrx_word' id='word_1_284' title='bbox 944 3753 1179 3862; x_wconf 62' lang='lat' dir='ltr'>²(luaatplralotoua.</span> <span class='ocrx_word' id='word_1_285' title='bbox 1289 3800 1293 3810; x_wconf 86' lang='lat'>.</span> 
     </span>
    </p>
   </div>
   <div class='ocr_carea' id='block_1_15' title="bbox 0 0 1478 4978">
    <p class='ocr_par' dir='ltr' id='par_1_16' title="bbox 0 0 1478 4978">
     <span class='ocr_line' id='line_1_39' title="bbox 0 0 1478 4978; baseline 0 2"><span class='ocrx_word' id='word_1_286' title='bbox 0 0 1478 4978; x_wconf 95' lang='lat' dir='ltr'> </span> 
     </span>
    </p>
   </div>
  </div>
 </body>
</html>
