2922 4978
147 1125 149 1130 ’
207 1197 210 1202 ,
295 1124 418 1191 bitur?
440 1128 485 1190 Et
508 1124 582 1210 quis
606 1147 678 1189 eam
700 1123 882 1212 purgabit?
905 1119 1070 1191 Elisaeus,
1093 1113 1159 1179 Dei
1175 1109 1328 1177 videlicet

287 269 372 345 488
507 349 509 354 ,
623 258 678 338 lle
698 267 880 338 vuidone
899 244 1072 334 Naturae.

291 457 408 526 biretl
439 449 571 527 Decdra
601 453 757 522 enimet
787 455 830 518 ad
857 447 1049 518 coelestium
1085 441 1380 532 contemplationem

215 603 220 610 .
293 541 432 618 condita
453 540 520 615 est,
555 538 613 606 sed
634 532 932 626 praevaricationis
953 533 1050 603 causa
1070 531 1164 616 lepra
1185 525 1227 590 et
1245 529 1380 612 percult.

293 633 338 694 At
369 623 574 712 descendens
602 622 639 688 in
673 624 831 687 Iudaeam
853 621 1025 693 Naaman,
1060 611 1259 698 rediensque
1279 608 1384 676 iterum

292 709 332 775 in
354 707 505 790 Syriam,
525 709 666 788 jubente
685 707 855 791 Propheta
876 701 1026 776 Elisaeo,
1048 697 1086 762 in
1107 698 1248 762 Iordane
1265 691 1384 758 flumine

293 795 422 878 lepram
452 789 626 877 deposuit,
663 788 818 876 cutisque
848 783 999 873 corporis
1028 781 1039 846 i
1066 781 1130 846 saus
1159 791 1312 854 renoysta
1338 775 1382 840 est.

278 879 386 942 “Num
409 890 444 939 et
463 873 571 940 nostra
593 889 712 938 natura
731 875 812 937 dum
828 872 1025 957 languorem
1040 805 1136 930 suum
1148 877 1188 930 tu
1230 859 1386 926 itudinem·
1430 923 1431 928 ,

319 981 363 1024 ue
393 959 530 1022 suorum
551 958 712 1023 vitiorum
733 952 994 1044 recognoverit,
1030 946 1190 1034 incense
1229 965 1321 1009 onem
1340 940 1389 1007 nri·

295 983 401 1108 seriae
433 1041 511 1106 suae
534 1042 758 1114 descendens,
794 1039 899 1127 inque
921 1037 953 1100 se
975 1035 1079 1121 ipsam
1102 1030 1269 1096 reversura
1288 1045 1389 1172 ραἘιΙ·

295 1225 411 1283 vator,
433 1210 489 1274 vel
510 1207 575 1274 Dei
589 1203 701 1274 ‘salue
745 1211 870 1290 Nonne
890 1205 999 1271 noster
1018 1199 1168 1266 Elisaeus
1191 1195 1234 1260 est
1254 1190 1316 1258 Dei
1332 1213 1391 1254 ver·

296 1297 379 1358 bum
398 1289 570 1358 Dominus
589 1293 698 1357 noster
721 1292 811 1358 lesus
835 1289 1002 1362 Christus,
1037 1283 1096 1372 qui
1122 1281 1166 1346 est
1187 1277 1252 1343 Dei
1272 1275 1392 1340 salvam!

300 1392 334 1442 et
355 1375 421 1440 Dei
442 1376 547 1453 salus,
572 1375 609 1440 in
632 1379 806 1441 redeundo
821 1369 864 1438 in
888 1371 1017 1456 Syriam
1038 1367 1183 1432 nostram
1204 1359 1336 1426 salvabit
1347 1379 1392 1420 na·

299 1477 428 1534 turam,
451 1463 518 1524 hoc
540 1459 602 1536 est,
626 1463 706 1525 dum
729 1462 771 1523 ad
792 1457 968 1546 pristinum
989 1454 1128 1523 statum,
1150 1447 1189 1512 in
1212 1437 1394 1526 coirtempla·

299 1544 430 1609 tionem
451 1542 612 1608 videlicet
633 1540 901 1630 intelligibilium
924 1539 1092 1602 virtutum
1106 1529 1233 1597 reverti
1247 1547 1306 1592 nos
1319 1523 1393 1604 insse·

193 1635 234 1722 ,ι’
286 1625 372 1692 rit?
406 1629 452 1688 Et
471 1625 531 1692 ubi
552 1627 774 1713 purgabitur?
809 1625 848 1690 'in
870 1625 1031 1688 Iordane:
1064 1621 1162 1696 cujus
1184 1607 1395 1696 interpretatio

301 1710 346 1775 est
368 1709 543 1774 descensus
564 1710 723 1784 Domini,
746 1712 801 1774 vel
824 1706 999 1773 descensus
1017 1698 1158 1783 judicii,
1179 1697 1235 1760 vel
1253 1689 1395 1788 potentir,

299 1794 355 1858 vel
378 1808 465 1857 terra
489 1809 653 1869 extrema,
676 1796 730 1857 vel
754 1793 896 1858 ascensio
920 1810 1046 1854 eorum.
1089 1785 1134 1846 Et
1156 1781 1293 1867 quando
1310 1777 1397 1869 credr-

300 1897 377 1942 mus
408 1890 442 1940 et
474 1876 643 1962 speramur
681 1879 820 1956 salutem
845 1891 879 1939 et
900 1873 1048 1938 reditum
1070 1867 1200 1940 nostrae
1222 1875 1353 1930 naturae
1369 1877 1396 1918 rn

302 1957 433 2056 Syriam
461 1959 610 2024 coelestis
644 1957 962 2046 contemplationis,
997 1953 1059 2018 nisi
1081 1949 1220 2038 quando
1243 1942 1401 2010 descendet

300 2047 471 2106 Dominus
499 2041 537 2108 in
567 2042 672 2130 gloria
696 2043 773 2117 sua,
811 2042 991 2107 descendet
1012 2030 1244 2116 adjudicium
1266 2025 1400 2090 vivorum

202 2140 205 2148 ’
305 2141 341 2191 et
362 2139 592 2200 mortuorum,
616 2141 649 2188 et
671 2127 762 2190 suam
785 2124 976 2211 potentiam
994 2117 1266 2187 manifestaturus
1282 2109 1317 2176 iu
1332 2124 1401 2174 tem

306 2225 468 2284 extrema,
505 2209 571 2274 hoc
593 2209 636 2272 esi
657 2208 693 2274 in
716 2211 784 2274 sine
805 2207 948 2284 mundi,
982 2205 1118 2292 quando
1140 2199 1278 2266 coelum
1303 2209 1334 2258 et
1354 2209 1402 2255 ter·

271 2318 278 2330 ·
305 2314 341 2356 ra
362 2291 555 2358 transibunt
576 2295 613 2357 in
636 2294 825 2358 ascensione
848 2313 982 2365 eorum,
1005 2292 1073 2353 boc
1095 2283 1139 2348 est
1160 2282 1199 2346 in
1220 2277 1402 2428 equrstione

303 2377 495 2472 sanctorum
529 2375 567 2440 iu
589 2393 759 2442 aeternam
780 2374 1049 2446 beatitudinem,
1082 2369 1137 2433 rel
1160 2379 1254 2431 certe
1278 2361 1312 2426 'n
1332 2380 1403 2427 com·

304 2480 402 2556 munq
432 2459 586 2524 omnium
607 2459 875 2526 resurrectiones
910 2456 1086 2542 Siquidem
1108 2447 1310 2516 resurrectio
1332 2463 1403 2536 coru·

218 2603 226 2618 ,
304 2563 419 2606 munrs
449 2543 604 2608 omnium
632 2545 775 2609 ascensro
812 2544 855 2608 est
876 2563 916 2606 ex
936 2536 1106 2604 mortain
1127 2532 1258 2608 vitam,
1291 2547 1330 2594 ex
1349 2545 1403 2589 am·

117 2623 124 2630 ’
217 2673 221 2684 .
304 2623 385 2690 mali
405 2645 546 2714 corpore
568 2643 603 2690 et
624 2627 837 2715 corruptibili
857 2625 893 2688 in
911 2621 1083 2710 spirituale
1101 2632 1135 2682 et
1151 2608 1404 2698 incorruptibile.

306 2713 395 2774 Tota
425 2726 537 2774 autem
565 2711 656 2798 lepra
680 2715 848 2776 humanae
870 2723 1009 2772 naturae
1032 2719 1066 2768 et
1089 2695 1266 2785 corruptio
1289 2711 1405 2780 exagge-

305 2785 498 2857 rabitur‘er
528 2809 748 2858 convertetur
782 2795 818 2858 in
842 2791 949 2856 Gieei.
994 2783 1091 2854 Gieai
1112 2783 1354 2879 interpretatur
1371 2773 1407 2836 vi·

307 2881 389 2942 dens
412 2877 553 2951 vallem,
574 2879 630 2942 vel
652 2876 798 2943 discissio
820 2899 839 2941 a
859 2874 1005 2947 vifione;
1038 2867 1151 2956 typice
1174 2867 1347 2930 diabolum
1363 2859 1405 2943 sig·

305 2961 465 3026 nificans:
499 2959 559 3045 qui
588 2963 669 3025 dum
699 2963 739 3025 srt
773 2982 919 3046 nequam
951 2950 1132 3021 Salvatoris
1162 2948 1269 3014 noslri
1302 2947 1431 3015 [arvus

305 3045 374 3108 line
406 3049 502 3123 cujus
530 3041 751 3123 juffionibus,
792 3060 850 3107 aut
877 3037 1147 3129 permiffionibus
1178 3031 1329 3098 malitiae
1351 3029 1406 3090 sure

205 3171 211 3190 ,
298 3127 578 3212 Ιιῃειοὴίιιειιῃοηῐει
607 3149 678 3192 non
709 3126 826 3192 finitur
858 3145 1036 3212 peragere,
1066 3121 1200 3203 semper
1231 3118 1270 3182 in
1291 3111 1431 3202 prosqu

307 3213 388 3274 dum
417 3208 640 3296 perditionis,
675 3228 897 3295 aeternaeque
917 3205 1037 3272 mortis
1059 3225 1129 3268 non
1154 3201 1279 3266 definit
1302 3193 1406 3284 prospr-

308 3314 402 3367 cere,
435 3309 469 3356 et
497 3313 537 3357 ex
564 3293 716 3358 veritatis
749 3290 1037 3379 contemplatione
1069 3285 1193 3351 merito
1219 3286 1300 3350 suae
1319 3281 1407 3364 suptr-

307 3375 383 3440 biae
416 3375 542 3441 divisus
577 3377 775 3457 discederes,
803 3375 910 3460 Lepta
945 3369 1192 3460 itaque-nostra
1215 3389 1304 3455 quae
1323 3363 1407 3427 livore

302 3459 408 3555 ipsius
445 3457 596 3524 invidiae
617 3459 800 3546 imaginem
824 3459 889 3522 Dei
910 3453 1225 3527 contaminaverat,
1263 3450 1301 3514 in
1322 3443 1407 3532 ipsum

306 3547 496 3628 redigetur:
520 3543 599 3629 quia
623 3545 739 3609 dolore
761 3541 874 3606 salutis
898 3558 932 3604 et
953 3535 1206 3607 restaurationis
1230 3533 1356 3600 nostrae
1374 3525 1408 3588 ΙΙΙ·

306 3626 477 3710 perfusus,
501 3633 612 3712 poena
634 3633 706 3708 ejus
728 3624 965 3691 cumulabitur.
1001 3619 1095 3708 Quid
1118 3619 1233 3685 dicam
1253 3620 1296 3682 de
1316 3618 1407 3679 decem

306 3710 469 3794 leprosis?
499 3713 591 3774 Num
614 3727 648 3775 et
668 3710 730 3796 ipsr
751 3712 900 3792 ejusdem
922 3707 1055 3773 nostrae
1072 3720 1218 3769 naturae
1242 3703 1409 3784 characters

308 3794 449 3890 gessere,
479 3815 565 3892 quae
593 3817 612 3859 a
641 3795 700 3858 suo
736 3798 927 3862 redemtore
947 3793 1096 3855 redemta
1119 3787 1181 3860 est,
1223 3801 1261 3851 et
1281 3776 1409 3870 quotidqe

306 3897 345 3940 sn
372 3876 509 3960 lingulis
539 3875 735 3943 redimitur:
770 3895 803 3960 et
835 3877 872 3941 in
896 3869 1191 3940 consummatione
1214 3864 1337 3935 mundi
1355 3865 1431 3928 uns}

307 3959 477 4023 versaliter
497 3961 533 4024 in
557 3962 699 4027 omnibu
738 3977 772 4024 et
787 3961 978 4026 'redimetur
999 3973 1033 4020 et
1053 3951 1288 4021 liberabitur?
1310 3951 1409 4032 Hune
1430 3959 1431 4022 ,

309 4064 352 4106 na
375 4041 502 4128 quippe
523 4060 643 4110 natura
664 3983 800 4110 delaria
821 4029 1010 4130 quantitate
1030 4039 1115 4104 solet
1138 4031 1340 4124 significari:
1360 4041 1409 4090 ⁸¹1¹·
1430 4061 1431 4064 ¹

308 4147 363 4190 ma
383 4148 531 4211 namque
552 4145 586 4192 et
607 4150 748 4214 corpore
769 4127 917 4194 constare
940 4123 1083 4190 dubium
1104 4141 1178 4187 non
1204 4119 1262 4184 esi.
1302 4117 1431 4196 eorpus

274 4259 281 4266 .
309 4225 422 4276 autem
443 4208 599 4296 quinario
619 4233 763 4279 numero
786 4211 910 4298 pollet,
933 4223 1079 4297 quatuor
1099 4201 1271 4272 videlicet
1291 4201 1407 4265 clemen·
1430 4207 1431 4268 l
