2930 4982
204 294 209 316 s
264 197 345 274 aaa
602 193 862 268 neumare
880 191 1055 267 nuum.
1157 147 1167 162 ’

273 381 390 452 omnia
410 379 498 453 ledit
513 381 668 449 uttnulla
688 389 839 470 ereatura
860 381 919 455 dt.
940 397 1027 468 quse
1046 396 1120 444 non
1138 390 1200 442 sut
1219 395 1282 464 per
1299 373 1382 466 leip-

211 518 216 530 Ι
270 469 340 534 lam
362 481 396 530 et
419 465 455 528 in
479 463 601 561 seipsa,
624 480 683 530 aut
706 489 768 554 per
788 467 881 530 aliud
902 464 1068 528 [nmmum
1083 463 1212 528 bonum
1229 479 1301 526 non
1314 461 1382 524 lau·

272 553 341 616 det.
384 547 456 612 Alia
477 563 563 612 retro
585 547 630 612 cll
650 571 716 634 qua
738 547 853 614 omnia
877 551 918 612 de
939 545 1048 610 nihilo
1069 545 1261 610 factasunt.
1289 543 1383 606 Sum·

271 655 367 702 mum
387 631 517 696 bonum
539 633 632 716 quod
654 655 672 694 a
695 632 800 720 leiplo
822 647 855 695 et
875 630 913 694 in
935 629 1040 714 seipso
1062 627 1234 692 subsiliens
1255 628 1384 693 bonum

272 717 334 790 cll,
364 735 435 780 non
465 712 585 780 debuit
614 715 775 780 abstinere
809 711 1046 780 sconditione
1069 714 1260 784 bonorum.
1299 729 1384 794 qnae

271 819 337 864 neo
359 819 377 860 a
398 795 599 884 semetipsas,
622 799 745 864 necin
767 797 965 883 [eruetipl'rs.
987 796 1043 860 led
1065 797 1104 858 ab
1126 794 1200 880 ipso
1223 808 1258 857 et
1277 790 1314 856 in
1335 791 1385 889 ip-

268 882 310 962 ‚lo
331 883 421 946 bona
442 879 531 944 lunt.
574 883 622 946 Ao
640 904 711 980 jaer
725 885 792 946 hoc
813 903 852 946 ex
874 901 963 946 non·
977 877 1191 942 existentibus
1214 874 1384 940 existentra

271 963 419 1036 creavit,
442 975 486 1028 ne
508 963 616 1028 veluti
636 963 788 1030 invidiae
808 965 1134 1050 reprehenderetur‚-
1159 960 1332 1027 retrahens
1352 957 1385 1022 le

241 1061 244 1067 “
273 1070 294 1115 a
322 1045 555 1110 substitutione
586 1067 705 1114 eorum
731 1069 816 1134 quae
845 1042 1183 1132 potuit-lubilituere.
1225 1039 1384 1126 Alioquin

273 1127 687 1281 ttttltllttttffla
712 1122 1011 1281 tutelli:
1027 1143 1307 1278 :tlt'tttar't
1341 1143 1387 1272 i?

165 1285 184 1376 ζ
273 1295 383 1382 gnos,
404 1317 516 1380 neque
541 1238 727 1373 justiffimia
749 1296 946 1362 meritorum
961 1298 1081 1375 judex,
1103 1312 1216 1378 neque
1231 1288 1386 1356 omniurn

272 1377 442 1464 provisor,
465 1379 487 1442 li
508 1377 596 1444 nihil
618 1395 754 1445 crearet.
1134 1430 1138 1442 .
1205 1397 1207 1402 ⁴

340 1470 391 1540 34
417 1463 488 1525 Cur
510 1476 623 1528 autem
644 1466 792 1528 mundus
814 1461 871 1526 ille
893 1462 1059 1534 solvetur,
1092 1455 1293 1543 inquesitas
1314 1473 1390 1518 can-

279 1543 329 1608 las
350 1558 554 1619 revertetur,
575 1545 652 1612 talia
674 1546 760 1619 ratio
782 1543 943 1610 redditur.
986 1539 1109 1608 Omnia
1132 1561 1219 1626 quae
1240 1559 1280 1604 cx
1293 1538 1389 1603 caula

276 1625 430 1692 omnium
452 1631 664 1712 procedunt,
687 1645 721 1692 et
744 1651 785 1692 ex
803 1625 1076 1715 primordialibus
1091 1623 1196 1689 aaa·
1208 1621 1245 1688 in
1258 1639 1299 1686 ea
1311 1641 1390 1686 con·

273 1709 406 1784 llitutis,
431 1711 577 1776 naturali
597 1727 694 1778 motu
715 1712 811 1778 sunm
832 1709 1039 1798 principium
1061 1709 1190 1792 semper
1208 1719 1388 1802 appetunt.
1454 1727 1455 1784 l

253 1808 368 1874 'extra
388 1795 481 1880 quod
500 1795 672 1880 quiescere
693 1809 880 1882 nequeunt.
930 1792 1005 1860 alia
1025 1790 1133 1858 ratior
1167 1809 1283 1858 omma
1306 1807 1391 1872 quse
1454 1807 1455 1870 ξ

276 1897 318 1940 ex
339 1877 435 1940 fonte
458 1877 613 1942 omnium
634 1893 790 1952 manant,
823 1876 1047 1952 vilescerent,
1080 1873 1151 1938 imo
1173 1871 1276 1938 etiarn
1296 1869 1391 1956 peni·

275 1973 331 2023 tus
352 1958 518 2044 perirent,
543 1961 567 2024 fi
588 1963 630 2026 ad
652 1961 781 2024 fontem
806 1961 902 2026 luurn
923 1959 1033 2025 redire
1055 1977 1167 2042 neque
1187 1955 1319 2042 poffent
1334 1973 1390 2018 ne·

276 2061 357 2186 ques
374 2040 546 2188 redirelll
575 2059 619 2190 att
644 2044 669 2107 [i
695 2042 876 2192 vililfflium
905 2043 1034 2190 redigas
1055 2039 1091 2104 in
1114 2039 1188 2136 luas
1208 2036 1392 2203 ἰιὲνέὓέεἰὲῗ

275 2144 389 2190 cauas
450 2145 486 2186 ro
514 2147 524 2186 ι
551 2147 678 2199 ereur.
723 2150 765 2190 va
800 2149 822 2190 e
863 2143 1009 2190 naturas
1041 2145 1196 2190 omnium
1253 2142 1271 2184 e

275 2227 347 2270 non
371 2145 477 2270 saltim
499 2209 723 2283 contrarium,
745 2231 865 2274 verum
879 2207 979 2278 etiam
991 2205 1271 2274 fieretnocivum·
1302 2205 1391 2266 Mor·

238 2339 245 2356 .
275 2288 355 2354 talia
377 2309 459 2354 vero
482 2291 589 2357 nostra
611 2313 751 2376 corpora
771 2313 843 2365 non
866 2292 973 2356 solum
990 2290 1026 2354 in
1044 2291 1060 2352 l
1082 2287 1251 2363 iritualia‚
1273 2307 1390 2350 verum
1454 2323 1455 2370 1

276 2371 378 2437 etiam
399 2370 437 2436 in
459 2371 586 2438 animas
607 2375 730 2440 nollras
751 2367 929 2461 propterea
953 2313 1166 2461 transibunt,
1189 2391 1267 2436 euru
1293 2385 1390 2466 nato·
1454 2379 1455 2414 ³

275 2454 354 2520 ralia
376 2455 546 2522 neceffitaa
569 2457 682 2542 cogit3
708 2473 756 2522 ut
777 2453 1198 2544 quemadmodum·anima
1217 2451 1392 2518 rationalis

276 2542 321 2603 ad
341 2538 524 2624 imaginem
546 2540 611 2604 Dei
631 2541 718 2606 facta
738 2587 748 2614 .
769 2539 806 2606 in
832 2563 909 2628 eum
933 2544 1028 2619 cujus
1049 2537 1162 2635 imago
1185 2533 1229 2601 ell
1252 2551 1289 2600 et
1308 2534 1394 2600 firni-

274 2621 385 2686 litudo
417 2639 624 2698 revertetura
663 2623 710 2688 ita
741 2639 775 2688 et
797 2629 918 2721 corpus
939 2625 1031 2709 quod
1053 2623 1096 2686 ad
1117 2620 1301 2707 imaginem
1321 2617 1393 2683 ani·
1454 2645 1455 2680 r

274 2726 370 2780 mae,
396 2725 435 2768 ac
458 2705 566 2770 veluti
586 2705 698 2792 imago
719 2705 877 2792 imaginis
899 2707 943 2770 est
964 2707 1114 2786 factum,
1145 2703 1181 2766 in
1205 2704 1296 2768 suem
1317 2723 1396 2766 cau·

239 2783 243 2797 '
275 2787 344 2852 lam
366 2809 450 2886 quae
473 2789 517 2851 est
537 2789 668 2864 anima,
691 2811 730 2855 ac
749 2813 811 2875 per
833 2811 906 2854 eam
927 2787 1034 2853 veluti
1056 2785 1274 2852 medietatem
1291 2807 1397 2870 quan·

263 2873 354 2936 darn
376 2894 413 2936 rn
435 2869 544 2956 ipsum
566 2875 697 2947 Deum,
730 2872 790 2958 qui
812 2871 855 2936 est
876 2872 978 2936 unica
1000 2870 1152 2936 omnium
1175 2870 1291 2944 caula,
1322 2889 1398 2932 ver·

275 2967 388 3028 tatur,
425 2953 520 3016 omni
552 2967 685 3020 terreno
706 2957 859 3041 pondere
882 2970 915 3019 et
935 2953 1173 3040 corporalitate
1194 2952 1398 3018 absolutum.

275 3036 381 3113 Cujus
412 3035 462 3100 rei
498 3038 725 3135 paradigmata
761 3037 932 3102 manifesta
951 3053 1181 3123 .promuntur.
1233 3035 1401 3099 Videmus

276 3117 368 3182 enim
396 3121 572 3183 humorem
606 3143 643 3184 rn
676 3121 825 3196 fumum,
857 3135 891 3186 et
919 3121 1051 3184 fumum
1073 3119 1110 3183 in
1131 3121 1324 3195 flammam}
1360 3137 1401 3182 ac

274 3221 336 3286 per
356 3203 619 3288 hoclhumorem
640 3201 677 3266 in
699 3205 877 3277 flammam.
902 3205 1069 3268 flammam
1092 3201 1231 3266 veroin
1254 3199 1400 3287 igneum

276 3283 418 3346 transire
441 3285 657 3350 elementum.
697 3286 827 3368 Phyfioi
851 3285 951 3352 etiam
973 3285 1165 3374 perhibent,
1188 3285 1329 3353 solarem
1351 3305 1402 3348 ra·

276 3365 371 3430 dium
402 3370 443 3432 de
464 3368 565 3443 mari,
595 3368 711 3455 'deque
732 3368 947 3445 fluminibus,
984 3368 1210 3452 omnibusque
1233 3387 1401 3453 aquarum

275 3449 535 3514 collectionibus
556 3453 816 3538 madoribusque
837 3451 978 3516 terrenis
998 3452 1035 3516 in
1059 3451 1201 3538 seipsum
1216 3453 1400 3525 attrahere,

274 3531 381 3618 inque
400 3533 493 3598 suam
513 3550 667 3600 naturam
688 3534 796 3598 veluti
814 3538 987 3634 'quaedam'
1004 3535 1163 3630 alimenta
1185 3533 1399 3628 consumere:

273 3625 391 3762 famil
409 3619 676 3785 illabili?
696 3616 1403 3775 tttlrtb‘ttttt„''flultlttltttlt

273 3781 435 3878 ratioelb
468 3782 657 3868 Oportebat
673 3724 839 3868 lquidena
859 3777 1043 3871 imaginem
1066 3782 1170 3848 unius
1190 3803 1230 3848 ao
1244 3783 1402 3880 luminae

274 3861 473 3940 Tnnrtaus‚
500 3887 593 4009 ¹{luae
622 3867 656 3930 in
686 3865 790 3952 reipsa
821 3865 1052 3953 inseparabilis
1075 3879 1111 3931 et
1129 3865 1268 3953 [implear
1290 3882 1327 3930 et
1349 3887 1403 3930 m·

274 3947 498 4031 eompofitae
533 3995 543 4022 ‚
566 3947 604 4012 in
626 3945 793 4018 unitatem
817 3965 851 4014 et
871 3949 928 4016 inl
961 3947 1128 4034 ¹arabilem
1147 3947 1403 4034 fimplicitatem

162 4098 164 4102 ¹
273 4027 401 4113 redigi,
424 4027 576 4116 alioquin
599 4031 774 4117 dignitatis
797 4033 916 4119 amplit
965 4035 1057 4100 inem
1073 4035 1248 4120 perderet,
1272 4047 1307 4098 et
1325 4033 1402 4118 pul·

273 4108 480 4182 oritudiuem
515 4115 741 4194 deformaret,
770 4121 864 4204 quod
884 4115 959 4192 lieri
981 4116 1099 4185 divina
1119 4115 1305 4184 clementia
1325 4135 1400 4191 uon

424 4339 438 4400 i
