2922 4978
315 231 397 305 446
654 233 709 303 De
730 231 1108 304 mmmmm.

317 437 440 506 corpur
460 413 641 491 videlicet,
673 429 709 479 et
728 417 911 492 animans
931 429 967 482 et
986 417 1215 493 intellectum,
1234 418 1329 483 relati
1347 423 1396 486 tria

315 505 479 590 quaedam
500 500 567 594 iata
589 498 735 574 farinae,
772 519 903 566 utnon
927 501 1037 566 ticam
1059 501 1322 582 confundendae,
1352 503 1395 569 led

314 583 424 652 veluti
452 585 620 648 fermento
655 588 801 670 quodam
825 583 997 650 charitatis
1017 584 1159 650 vinculo
1179 585 1396 652 rellttreetionia

316 686 466 756 tempore
489 669 704 732 adunandae:
728 689 801 734 non
821 683 863 732 ut
882 669 995 755 aliqua
1017 669 1214 756 competitio·
1227 669 1339 733 nostrae
1352 691 1397 734 na·

315 769 426 852 turae,
450 751 507 815 ted
529 750 672 850 omnino
694 751 905 840 implicitae,
929 769 963 816 et
985 751 1215 839 inseparabilia
1232 752 1332 816 unitae
1346 753 1397 816 effi-

316 839 559 982 angina-2?
586 856 678 932 emm
708 851 748 901 ut
775 835 848 982 ipsi
879 835 1079 938 ait‚.aliter
1098 838 1146 900 ad
1165 841 1326 940 imaginem
1342 839 1416 900 Dei.

260 971 264 982 '
313 917 413 1090 ti,
431 1003 539 1066 rna„
557 915 1403 1095 mixtimtttitt‘ttatssztttffiti

311 1109 387 1154 rum
422 1088 561 1151 Petrum
587 1091 629 1152 de
650 1085 885 1176 [impliciffima
906 1091 1075 1152 humanae
1095 1105 1270 1164 naturae„
1285 1109 1346 1152 non
1364 1088 1402 1150 lo

313 1175 385 1238 lum
413 1170 451 1236 in
485 1171 607 1257 seipsa,
645 1192 764 1236 verum
792 1171 893 1238 etiam
915 1170 952 1236 in
976 1176 1050 1236 Deo
1073 1172 1275 1236 adunatione
1295 1165 1402 1234 lenien-

313 1255 396 1320 tiaat
430 1258 581 1335 einedem
616 1255 758 1320 Maximi
784 1254 874 1320 (licta
895 1254 1108 1320 introduxisti
1122 1269 1251 1342 ,Jquae
1272 1255 1340 1318 luat
1356 1257 1403 1315 hu·

172 1351 180 1368 ²
246 1355 250 1360 ’
313 1339 479 1424 juemodit
502 1343 594 1405 tot'us
613 1341 745 1425 quidem
764 1343 859 1405 bomo
882 1361 1015 1404 mannas
1024 1338 1208 1433 serrandum
1236 1342 1362 1402 animan
1379 1347 1404 1397 et

313 1445 433 1506 corpus
452 1445 515 1505 per
534 1437 705 1501 naturum,
748 1437 785 1488 et
803 1419 1032 1511 tumefactus
1054 1426 1151 1488 Dens
1161 1423 1334 1571 gerundum
1351 1421 1406 1482 ari·

255 1551 259 1558 -
314 1508 399 1572 inum
433 1519 468 1570 et
500 1529 618 1590 eorpus
643 1531 707 1591 per
735 1511 893 1591 gratiam.
938 1507 1071 1592 Quibus
1100 1529 1161 1572 ver
1185 1507 1214 1571 io
1236 1505 1313 1592 quid
1331 1503 1403 1566 aliud

314 1595 414 1658 datur
432 1590 600 1679 intelligi,
638 1592 701 1657 nifi
722 1607 876 1656 naturam
901 1609 1096 1677 corpoream
1118 1590 1155 1655 in
1179 1589 1281 1676 feipia
1301 1589 1405 1672 semper

313 1676 583 1762 permansuram,
623 1691 657 1740 et
687 1677 782 1740 nullo
811 1677 916 1739 modo
942 1695 1009 1738 nec
1039 1675 1075 1738 in
1107 1675 1272 1747 animam,
1305 1691 1360 1734 nee
1377 1667 1403 1729 in

314 1759 485 1836 animam,
519 1779 585 1824 nec
613 1761 649 1823 in
671 1759 781 1846 ipsum
806 1763 918 1822 Deum
941 1757 1176 1822 transituram:
1209 1754 1351 1843 quamvis
1366 1771 1404 1813 re·

314 1842 532 1909 surrectionis
563 1843 668 1930 gloria
698 1845 795 1906 beata
814 1855 851 1906 'et
871 1841 1141 1928 incorruptibilia
1165 1842 1206 1906 sat
1228 1842 1334 1903 lutura
1353 1831 1406 1898 aui·

214 1971 218 1988 .
313 1949 389 1992 mae
411 1943 446 1990 et
467 1925 582 1990 animo
603 1941 637 1990 et
657 1930 731 1989 Deo
754 1929 944 1988 adunanda.
978 1924 1088 1989 Simili
1109 1926 1217 1990 modo
1241 1927 1282 1988 de
1298 1919 1405 1984 animae

314 2025 434 2075 natura
456 2008 629 2095 animique
650 2030 722 2073 non
745 2007 841 2070 aliter
862 2007 1208 2094 intellexilleopinor,
1230 2027 1299 2071 non
1312 1998 1407 2066 trauai-

174 2107 181 2122 ·
203 2107 211 2116 “
313 2111 424 2168 turae,
449 2093 504 2156 led
525 2094 670 2192 lingulae
691 2110 843 2180 quaeque
863 2091 898 2154 in
925 2093 1061 2189 propria
1083 2091 1263 2167 substantia
1274 2105 1407 2187 perman·

313 2179 413 2241 lurae.
456 2179 576 2263 Neque
599 2195 690 2240 enam
714 2193 815 2260 parva
837 2175 1027 2240 differentia
1050 2175 1094 2238 est
1114 2175 1208 2240 inter
1229 2193 1363 2238 ammam
1382 2179 1407 2228 et

314 2259 485 2326 animumt
517 2264 597 2324 dum
626 2259 685 2324 ille
714 2259 802 2323 circa
825 2256 954 2322 *divina
987 2259 1222 2334 solummodo,
1259 2256 1314 2320 illa
1343 2267 1408 2314 vero

313 2343 401 2408 circa
431 2357 598 2408 creaturae
633 2357 823 2407 moveatur.
868 2345 912 2406 tt
932 2343 956 2406 li
976 2340 1033 2404 illa
1055 2344 1098 2407 fic
1119 2344 1154 2407 se
1174 2344 1318 2415 habent,
1346 2351 1410 2422 quo·

315 2430 418 2491 modo
441 2447 512 2492 non
537 2425 800 2492 contradictoria
819 2425 1053 2490 videbuntur?

374 2533 405 2595 9.
429 2509 477 2574 tt.
502 2511 573 2574 Cur
595 2527 628 2574 te
653 2509 730 2574 talla
751 2525 893 2573 movent
916 2511 1062 2572 multum
1086 2509 1251 2573 admiror:
1274 2525 1346 2570 cum
1361 2497 1409 2563 tibi

180 2651 186 2668 .
313 2610 417 2680 prout
437 2595 538 2681 potui
559 2594 734 2669 iual'erim,
758 2591 1028 2680 intelligibilium
1044 2609 1243 2656 naturarum
1260 2583 1410 2654 adonatio

314 2696 393 2743 nem
418 2677 491 2747 fieri
506 2681 603 2765 ‚polle
623 2679 692 2742 fine
715 2678 853 2742 cumulo
875 2692 909 2739 et
930 2663 1197 2762 compositione,
1211 2665 1410 2759 'proprietati-

311 2763 375 2826 bue
409 2761 611 2836 observatio,
646 2777 680 2826 et
708 2759 1035 2824 incommutabiliter
1064 2757 1295 2824 manentibus.
1347 2749 1410 2813 ‘l'ria

313 2845 440 2909 etenim
464 2845 542 2908 lunt
564 2844 706 2932 quaein
731 2841 826 2908 omni
850 2842 1050 2918 substantia,
1072 2843 1139 2907 five
1161 2839 1357 2928 corporibus
1370 2835 1409 2895 ad·

312 2931 489 3001 haerente,
521 2929 586 2992 five
620 2926 715 2992 omni
744 2947 884 3012 corpore
911 2928 1083 3001 absoluta,
1116 2927 1140 2990 sa
1172 2935 1289 2989 tamen
1323 2917 1411 3063 alipua

312 3011 491 3076 substantia
521 3013 564 3074 eil
596 3027 728 3100 praeter
757 3015 890 3085 Deum,
923 3031 1008 3096 quae
1037 3010 1103 3072 live
1132 3003 1343 3095 intelligibili
1381 3015 1409 3060 re

176 3101 179 3123 ⁴
312 3093 456 3158 lenfibili
478 3115 618 3182 corpore
641 3109 769 3168 careat,
793 3091 1086 3158 incommutabilia
1108 3107 1142 3156 et
1158 3081 1409 3157 inconvertttir

311 3192 528 3264 permanent,
566 3178 664 3243 utin
687 3177 857 3264 prioribus
878 3175 973 3240 libris
996 3175 1236 3262 multipliciter
1257 3164 1411 3260 perdocui·

311 3275 405 3326 mua:
442 3261 595 3336 cilentia,
631 3262 755 3335 virtue,
793 3274 829 3327 et
853 3260 1016 3324 naturalia
1043 3257 1212 3346 operatio.
1268 3247 1410 3398 Naupli

312 3345 397 3408 haec
419 3342 481 3408 tria
503 3367 611 3417 unum
634 3345 732 3418 lunt,
758 3359 791 3408 et
811 3359 883 3407 non
896 3364 1003 3407 unum
1021 3343 1268 3429 compofitum,
1293 3339 1345 3402 led
1378 3353 1411 3428 gn·

310 3425 526 3512 pliciffimum
554 3449 663 3492 unum
692 3443 726 3490 et
758 3427 988 3514 inseperabilia
1010 3425 1148 3490 unitae?
1183 3429 1319 3489 Horum
1340 3433 1410 3482 emm

311 3511 443 3574 nullum
473 3511 542 3576 fine
573 3515 677 3576 altero
705 3511 768 3574 effe
797 3511 923 3596 potesta
958 3531 1062 3596 quum
1085 3507 1189 3573 uniue
1214 3509 1411 3594 ejusdemque

311 3593 509 3658 substantiae
530 3595 625 3671 sunt,
662 3609 697 3658 et
718 3608 831 3658 tamen
852 3592 985 3658 ratione
1007 3595 1159 3660 consulta
1181 3590 1350 3656 nonnulla
1367 3579 1411 3648 bf·

309 3676 454 3742 fetentia
481 3678 729 3742 dictemuntur.
772 3677 873 3746 aliud
903 3677 948 3740 etr
975 3678 1067 3742 enim
1097 3677 1179 3750 effe,
1218 3673 1314 3740 aliud
1342 3663 1410 3756 polle

311 3759 441 3846 aliquio
461 3759 612 3837 efficere,
639 3758 764 3826 aliud'i
791 3760 823 3824 le
845 3757 995 3826 effectur.
1027 3757 1129 3827 Aliud
1153 3759 1201 3823 est
1224 3755 1334 3823 arbori
1355 3751 1409 3816 elie.

311 3843 404 3932 aliurl
482 3845 525 3909 ffe
555 3862 720 3920 creacete,
753 3783 846 3908 aliud
874 3857 1032 3910 crescere.
1081 3843 1189 3909 atine
1219 3837 1352 3907 bomini
1381 3827 1410 3894 0st

304 3927 393 4002 elle,
416 3925 510 3993 aiud
524 3929 620 4014 polle
640 3927 849 4016 intelligere,
879 3929 973 3994 eliab
993 3927 1186 4016 intelligere·
1207 3928 1305 4014 quod
1328 3911 1410 4008 poni

310 4007 512 4110 intelligere.
529 4037 532 4046 ·
553 4015 605 4076 Et
630 4010 715 4078 haee
744 4009 809 4076 tria
829 4012 926 4078 omni
945 4027 1117 4080 creaturae
1136 4009 1267 4077 viatili
1283 4023 1322 4086 ,et
1343 4003 1408 4066 inn-

311 4091 396 4160 libtla
416 4095 519 4160 ancile
540 4095 690 4164 dubium·
703 4110 779 4165 noar
797 4095 850 4162 eil.
