2856 4978
264 210 364 360 *294⁴
505 261 508 270 ·
539 321 542 327 ,
604 241 1055 319 novatianismum.
1078 267 1092 284 ·

285 430 352 500 lica
379 427 577 506 substantia,
610 427 749 496 relictae
775 429 854 496 sunt
880 433 944 496 bae
972 413 1251 519 significationia,
1279 431 1375 496 anima

285 515 448 582 videlicet
474 512 668 594 rationalia,
698 529 733 579 et
761 513 874 602 imago
904 514 981 580 Dei.
1024 510 1261 580 irrationabilia
1280 531 1377 580 autern

276 599 359 666 ,vita
375 597 593 666 'distribuitur
620 596 658 663 in
687 619 761 663 earn
785 619 872 686 quae
907 599 1038 664 sensum
1060 597 1257 688 participat,
1288 597 1321 662 in
1342 619 1377 663 ue

287 705 362 749 eam
393 701 478 771 quae
507 703 548 747 eo
570 696 677 756 caret;
709 697 743 747 et
764 703 834 747 una
857 681 995 772 quidem
1017 682 1176 748 omnibus
1196 619 1377 747 animaliiua

284 765 455 832 sentiendi
489 765 652 832 virtutem
683 765 887 831 habentibus
923 763 1147 839 distribuitur,
1189 767 1287 830 altera
1311 783 1378 830 raro

209 894 211 900 ·
286 849 382 917 omni
408 850 507 916 sensu
542 847 733 916 carentibus
756 843 923 925 materiis,
962 871 1048 939 quae
1068 847 1194 937 species
1214 849 1302 914 vitae
1319 849 1379 912 lter·

283 937 403 1000 barum
438 934 678 1022 lignorumque
713 933 832 999 donari
860 934 1075 1020 perhibetur,
1119 948 1155 997 et
1183 931 1268 998 infra
1295 951 1379 1018 quam

282 1019 413 1084 nullam
442 1017 588 1106 speciem
618 1015 711 1082 vitae
731 1017 819 1088 ratio
840 1017 985 1082 invenit.
1028 1015 1178 1082 Proinde
1199 1030 1322 1081 creatae
1338 1013 1378 1077 ri·

282 1115 337 1166 tae
383 1117 506 1167 uatuor
527 1100 738 1167 differentiae
758 1100 796 1166 in
819 1117 964 1204 quatuor
986 1100 1159 1190 speciebua
1174 1099 1377 1187 colliguntura

192 1241 195 1248 .
281 1125 525 1252 lnteiiectualia
547 1185 584 1250 in
607 1185 752 1272 angelia,
777 1186 952 1252 rationalia
973 1185 1010 1250 in
1032 1182 1247 1259 horninibus,
1268 1181 1379 1246 sensua-

282 1267 325 1335 lia
357 1268 396 1334 in
428 1269 560 1346 belsiia,
593 1267 790 1334 insensualia
811 1270 847 1334 in
870 1268 1080 1370 germinibus
1101 1266 1305 1354 caeterieque
1322 1285 1379 1329 cor·

308 1351 442 1429 oribus,
471 1353 508 1418 in
540 1351 664 1440 quibua
693 1354 763 1419 sola
790 1353 808 1417 s
829 1375 916 1418 ecrea
943 1352 1121 1440 vestigium
1148 1351 1240 1416 vitae
1259 1347 1379 1414 manile·

281 1375 359 1512 Kat,
383 1453 424 1502 ut
440 1437 520 1501 lunt
541 1451 686 1522 quatuor
708 1377 830 1504 muntii
852 1440 1038 1512 elementa,
1062 1436 1130 1500 five
1153 1433 1311 1522 simplicia
1328 1431 1379 1495 tint

281 1521 417 1606 perse,
439 1521 507 1585 sive
528 1521 727 1606 compositae
749 1537 872 1586 terram
893 1521 992 1598 dico,
1015 1541 1153 1607 aquam,
1181 1527 1263 1592 aera,
1284 1517 1376 1580 aethe·

281 1623 403 1690 taque:
436 1625 474 1668 ac
504 1625 565 1690 per
592 1605 660 1668 hoc
687 1626 758 1670 non
781 1591 951 1670 immerito
974 1603 1101 1668 dicitur
1120 1605 1217 1668 homo
1236 1613 1378 1664 creatura·

280 1707 353 1750 rum
371 1689 514 1768 omnium
534 1679 689 1784 officina,
716 1687 878 1786 quoniam
899 1687 935 1752 in
958 1687 1030 1774 ipso
1052 1685 1258 1750 universalia
1272 1697 1378 1748 creatu·

280 1791 318 1834 ra
342 1769 547 1836 continetur.
591 1770 756 1858 intelligit
778 1771 915 1919 qluidem
936 1787 976 1834 ut
996 1767 1154 1868 augelus,
1178 1765 1378 1833 ratiocinatur

163 1867 172 1876 ·
280 1866 322 1916 ut
343 1855 467 1930 homo,
500 1853 602 1918 sentit
622 1869 663 1918 ut
683 1855 793 1918 anima
828 1854 1038 1929 irrationale,
1070 1853 1158 1918 vrvit
1179 1869 1219 1917 nt
1241 1868 1378 1939 germont

220 1967 222 1972 ·
281 1955 423 2022 corpore
445 1936 624 2024 animaque
646 1938 803 2014 subsistit,
827 1939 954 2002 nulline
977 1951 1149 2001 creaturae
1171 1956 1307 2022 expera;
1336 1951 1378 1994 er·

184 2043 192 2082 ·.
223 2093 230 2109 .
280 2031 333 2084 tta
360 2020 445 2084 hae'c
473 2019 566 2084 enirn
593 2020 723 2084 nullam
755 2035 941 2086 creaturam
971 2019 1117 2086 invenie.
1162 2021 1231 2084 Sed
1258 2013 1377 2082 sortaffia

280 2098 357 2188 quia
379 2100 520 2177 dixerit,
541 2105 627 2168 haec
647 2101 763 2169 omnia
782 2103 820 2168 in
843 2125 885 2168 an
910 2106 963 2168 elo
976 2123 1112 2189 quoque
1131 2101 1315 2183 contineri3
1333 2095 1378 2162 cui

278 2183 467 2269 respondeo
494 2184 628 2250 sensum
659 2177 861 2252 animalibus
883 2125 1096 2252 irruiturum
1117 2205 1192 2250 non
1211 2185 1300 2272 polle
1319 2183 1377 2246 sub·

279 2265 407 2346 fillere,
436 2267 498 2334 nist
526 2268 564 2334 in
593 2289 734 2354 corpore
762 2291 803 2334 ex
830 2287 976 2358 quatuor
1007 2267 1186 2335 elementia
1207 2266 1377 2334 constituto.

173 2361 181 2372 ’
278 2351 359 2416 Non
388 2351 481 2417 enirn
512 2352 577 2416 erit
600 2351 712 2428 visua,
742 2353 802 2418 ubi
824 2375 894 2419 non
918 2353 994 2418 esti
1019 2353 1092 2428 nia,
1124 2372 1239 2440 neque
1261 2348 1376 2416 auditur

278 2433 303 2499 st
325 2441 380 2500 adr
402 2435 504 2510 defit,
525 2438 670 2502 humore
690 2437 860 2503 subtracto
884 2459 951 2502 nec
972 2375 1117 2502 oifactua
1133 2433 1317 2501 remanebit
1327 2447 1378 2496 uec

278 2517 409 2604 gullua;
437 2531 545 2583 terrae
577 2519 727 2585 absentia
750 2535 862 2586 totum
885 2520 1040 2584 abstrahit
1063 2534 1205 2584 tactum.
1248 2520 1377 2604 Corpora

276 2621 359 2667 vero
380 2622 422 2666 an
448 2600 532 2668 elica
553 2602 732 2688 simplicia,
755 2603 940 2690 spiritualia
965 2625 1008 2667 ue
1029 2604 1123 2678 sunt,
1160 2601 1318 2688 omnique
1336 2617 1377 2660 ex·

277 2681 394 2749 teriori
430 2686 512 2758 eirsu
533 2686 691 2751 carentia.
734 2687 814 2751 Non
836 2685 926 2752 enim
942 2627 1153 2750 ienfibilium
1176 2709 1285 2750 rerum
1304 2678 1376 2747 noti·

276 2764 360 2833 tiam
379 2789 441 2855 per
460 2771 648 2855 phantasiae
669 2789 850 2856 corporum
872 2769 942 2834 acci
968 2770 1064 2846 iunt,
1087 2769 1143 2834 sed
1167 2787 1300 2835 omnem
1320 2785 1375 2830 cor·

275 2853 427 2938 potalem
448 2867 636 2917 creaturam
657 2852 694 2918 in
717 2855 821 2920 caufia
844 2853 910 2917 suia
947 2853 1165 2954 piritualibua
1181 2845 1376 2941 spiritualiter

274 2932 509 3080 perspiciunt,
533 2938 833 3021 ¹quemadmodum
853 2936 956 3001 visurt
979 2938 1091 3001 sumua
1114 2957 1193 3002 cum
1217 2940 1258 3001 ad
1279 2951 1375 3020 aequa·

289 3015 407 3082 itatem
428 3033 571 3082 naturae
593 3040 711 3084 eorum
733 3018 1043 3088 transmutabimur.
1071 3022 1179 3084 Seulu
1200 3019 1376 3106 itaquecor·

274 3120 380 3186 porco
402 3115 519 3166 carent
541 3102 674 3200 angeli,
704 3102 784 3202 guia
805 3104 904 3191 super
924 3102 1036 3190 ipsum
1057 3104 1154 3168 sunt:
1191 3125 1230 3168 ac
1249 3121 1308 3202 per
1325 3101 1377 3161 bot

205 3210 211 3230 .
274 3181 381 3248 totiua
409 3181 651 3250 irrationabtlia
681 3203 772 3252 vitae
803 3202 976 3273 exportet,
1017 3188 1084 3251 srve
1114 3187 1293 3260 sensualia,
1325 3181 1376 3246 fite

274 3264 371 3329 omni
400 3265 498 3331 sensu
526 3266 697 3355 privatae,
733 3289 809 3334 com
836 3268 924 3334 olitie
955 3269 1299 3356 corruptibilibusque
1320 3283 1375 3330 cor·

272 3345 414 3444 poribus
443 3371 516 3416 non
547 3366 740 3438 gravantur.
821 3351 942 3418 roinde
971 3355 1078 3418 multa
1109 3352 1257 3452 reperiet
1278 3349 1312 3415 in
1330 3351 1375 3411 bo

271 3451 385 3506 nune,
407 3453 498 3520 quae
514 3455 729 3522 nequaquam
750 3451 870 3500 natura
891 3435 1017 3522 recipit
1038 3439 1213 3522 angelrca,
1245 3453 1313 3500 nou
1332 3447 1375 3494 aa·

271 3527 341 3580 tem
363 3515 501 3582 subsistit
520 3517 559 3582 in
581 3520 703 3618 angelo
725 3518 783 3583 seu
804 3519 842 3583 in
865 3517 930 3584 alia
951 3537 1124 3597 creatura,
1148 3523 1241 3607 quod
1261 3531 1374 3584 natata·

270 3595 350 3662 liter
377 3599 513 3666 homini
530 3614 605 3682 non
629 3603 717 3667 rnlit.
760 3605 805 3666 Et
824 3625 870 3667 ne
893 3601 1007 3679 dicae,
1042 3605 1169 3690 licrgo
1191 3600 1300 3668 omnia
1319 3599 1374 3684 spt⁴

270 3680 340 3780 cieo
361 3681 454 3749 vitae
473 3683 512 3750 in
532 3685 676 3751 homine
697 3686 759 3766 esi,
783 3706 854 3751 non
876 3707 1001 3764 unam,
1023 3687 1081 3753 sed
1102 3689 1245 3765 multae,
1268 3699 1300 3749 et
1317 3676 1372 3743 alt

271 3763 465 3832 differenter
485 3765 573 3833 vitae
596 3769 772 3846 continet,
793 3772 921 3835 habena
942 3768 1173 3836 irrationalem
1193 3785 1229 3835 ct
1248 3764 1372 3833 rationa-

269 3847 358 3926 lem,
381 3850 567 3918 sensualem
587 3854 684 3921 simul
706 3869 741 3921 et
761 3853 991 3942 germinalem.
1031 3859 1169 3920 Intuere
1192 3843 1371 3942 diligentior

269 3931 439 3999 humanae
459 3934 592 4004 animae
611 3938 804 4026 potentiae,
827 3958 913 4026 quae
936 3937 1018 4002 dum
1038 3939 1078 4004 sit
1099 3936 1206 4004 uniua
1226 3933 1370 4017 ejusdem

292 4035 337 4090 pe
363 4015 607 4116 subsistentiae,
639 4037 674 4087 et
693 4021 852 4098 virtutia,
884 4022 1149 4112 etgoperatiebia
1168 4019 1207 4085 iu
1230 4014 1369 4086 omuibus

329 4099 366 4164 ul
396 4102 595 4188 corporibua
615 4103 796 4182 humanit,
825 4117 861 4170 et
904 4104 1102 4185 eneraliter,
1134 4118 1169 4172 ct
1187 4101 1226 4168 in
1247 4090 1368 4192 ungulis

269 4180 474 4269 specialitate
501 4201 645 4254 cunctor
676 4203 789 4257 tamen
822 4127 944 4255 vitrier
964 4203 1100 4267 motna,
1133 4183 1367 4256 amiciatur
