2854 4978
274 223 350 350 pre
483 237 486 244 ·
581 198 1060 314 'uomentium

274 409 479 490 iummavlt,
503 409 560 478 led
579 405 661 476 ideo
680 407 784 478 ineo
805 427 908 498 opert
926 407 986 474 lua
1006 403 1188 484 condidit,
1210 421 1253 474 ut
1297 409 1397 477 eries·

277 495 375 563 tione
402 492 538 562 numeri
565 511 709 594 operum
736 494 873 560 suorum
873 489 1151 641 ¹11plegieetionem
1172 490 1261 580 figni
1287 507 1399 561 cereta

276 581 347 648 hoc
371 576 384 643 i
411 577 478 644 'tur
509 597 694 645 ιιιιιιιιιιιιιιι
715 597 754 644 ιο
776 575 884 642 divin·
958 596 1017 656 um
1040 576 1237 664 exemplar,
1272 575 1395 665 inquo

277 662 363 729 fecit
425 681 485 728 eus
512 679 614 747 opera
634 660 710 736 lua,
741 659 900 747 nunquid
920 657 1101 736 credibile,
1139 675 1202 723 aut
1223 655 1397 728 verisimile

278 746 325 814 est
350 743 581 833 temporaliter
606 742 792 820 inchoalle,
827 745 909 808 dum
929 742 1051 819 ineo,
1083 763 1160 808 noo
1182 743 1294 808 iulum
1315 763 1395 832 quae

274 829 315 895 'in
338 827 547 914 temporibus
568 827 666 901 lunt,
689 849 807 893 rerum
828 843 863 891 et
883 825 954 913 ipia
974 838 1149 913 tempora,
1185 841 1222 890 et
1244 849 1329 914 quae
1348 829 1394 892 ul·

276 925 329 978 tra
348 927 502 1002 tempora
521 909 707 986 subsistunt,
730 913 770 975 ab
790 909 913 1008 opifice
928 909 1082 978 omnium
1095 909 1284 977 constituta
1297 911 1393 978 lunt?

161 1027 163 1033 s
273 995 425 1066 Proinde
463 992 596 1081 sapiens
626 996 669 1059 de
691 1009 890 1060 aeternitate
910 1013 1132 1059 numerorum
1153 992 1268 1058 solius
1281 993 1394 1059 fenarii

274 1077 412 1150 numeri
432 1093 632 1166 argumento
654 1093 777 1162 uteue3
798 1099 878 1143 nam
899 1081 992 1164 quod
1015 1080 1058 1143 de
1079 1077 1286 1142 aeternitate
1305 1077 1391 1142 illius

274 1161 498 1250 intelligitur,
521 1164 564 1226 de
585 1160 727 1226 aliorum
748 1159 962 1249 perennitate
978 1159 1248 1248 intelligendum
1265 1159 1318 1225 eli.
1348 1159 1392 1226 Si·

79 1239 82 1246 ’
154 1291 165 1316 .
276 1246 417 1345 quidem
438 1246 578 1322 nonde
598 1246 668 1309 solo
689 1244 843 1321 senario,
866 1247 909 1310 de
929 1243 1150 1309 univerfitate
1169 1265 1254 1310 vero
1267 1263 1392 1332 genera·

274 1329 356 1396 lrter
383 1328 539 1395 omnium
568 1329 789 1394 numerorum
818 1327 947 1395 dictum
976 1327 1021 1392 est
1045 1331 1160 1394 omnia
1180 1331 1218 1395 in
1238 1323 1388 1423 mansura,

276 1426 314 1478 et
334 1435 484 1487 numero.
507 1412 705 1510 et·pondere
707 1403 814 1560 1[ecit
833 1413 941 1477 Deus.
982 1415 1028 1476 tt
1047 1411 1071 1478 st
1091 1413 1189 1489 loca,
1215 1427 1252 1478 et
1271 1427 1390 1496 tempo·

135 1537 144 1548 ·
274 1519 329 1573 aa,
352 1513 443 1562 intra
464 1515 580 1561 omnia
602 1515 688 1581 quae
742 1517 800 1560 eus
823 1494 925 1571 fecit,
947 1511 1261 1560 connumeranturt
1289 1493 1389 1559 neces·
1417 1475 1418 1478 Ἴ

179 1659 181 1663 ,
274 1579 363 1650 [irio
379 1579 627 1651 intellectuales
644 1577 778 1644 numeri
798 1578 928 1643 insola
949 1577 1090 1644 scientia
1112 1577 1299 1657 substituti,
1320 1579 1386 1642 loca
1417 1623 1418 1630 ι

276 1678 313 1734 et
338 1679 492 1751 tempora
512 1677 653 1726 naturae
676 1663 755 1727 suae
773 1661 1001 1750 perpetuitate
1020 1665 1256 1810 praecedunt,
1290 1677 1324 1726 et
1341 1658 1386 1724 iu·

273 1760 328 1814 tra
347 1767 386 1813 ea
408 1768 495 1834 quae
513 1745 609 1810 fimul
631 1759 667 1808 ct
688 1761 839 1821 aeterna,
862 1761 897 1810 et
912 1746 1001 1813 facta
1034 1761 1109 1823 unt,
1135 1759 1384 1834 computanturt
1417 1795 1418 1806 ,

275 1844 413 1897 aeterna
462 1828 579 1894 uidem
607 1829 686 1893 lunt
713 1828 751 1894 in
777 1830 943 1904 monade,
976 1828 1015 1893 iu
1049 1827 1384 1917 multiplicationibut
1417 1845 1418 1848 ¹

273 1933 357 1978 vero
378 1853 552 1978 luiiacta.
593 1913 643 1976 M.
666 1917 720 1978 De
739 1913 939 1979 aeternitate
958 1933 1184 1979 numerorum
1197 1912 1237 1978 in
1250 1909 1385 1976 monade
1417 1937 1418 1986 l

275 1995 356 2062 latia
376 1996 671 2082 eildisputatum3
705 1999 878 2084 quomodo
901 2009 1014 2062 autem
1035 1995 1185 2074 finiunt,
1208 2011 1244 2062 et
1262 1993 1333 2068 ubi,
1354 2005 1384 2054 et
1417 1989 1418 2068 l

274 2081 387 2156 unde,
415 2081 516 2144 valde
543 2079 762 2144 necellariom
782 2080 827 2145 est
847 2079 1066 2168 invelligare3
1096 2084 1230 2146 Eorum
1250 2094 1383 2162 namque

275 2177 477 2250 argumento
508 2182 671 2229 conamur
693 2165 829 2229 afferere
849 2161 964 2228 omnia
986 2185 1073 2251 quae
1092 2167 1172 2231 Deo
1192 2165 1271 2230 lunt
1290 2173 1382 2226 aeter·
1417 2159 1418 2228 3

191 2275 193 2280 ·
272 2267 341 2323 ua,
375 2245 473 2310 fimul
499 2260 535 2310 et
554 2245 643 2312 facta
664 2248 739 2314 elle.
783 2251 827 2312 D.
848 2245 1092 2330 Aeternitatem
1112 2245 1289 2321 monadis,
1319 2261 1380 2306 om·
1417 2237 1418 2306 l

271 2326 439 2416 triumque
459 2350 679 2396 numerorum
699 2329 738 2396 in
754 2353 812 2408 ea,
836 2345 1002 2418 quantum
1016 2333 1115 2398 valeo
1132 2328 1288 2421 exposui:
1306 2342 1378 2412 quo·

271 2415 377 2478 modo
405 2427 519 2478 autem
546 2412 794 2480 intellectuales
814 2413 970 2490 numeri,
1004 2415 1195 2481 secundum
1216 2432 1298 2502 quot
1316 2427 1376 2472 om·

271 2494 332 2561 uia
354 2515 440 2582 quae
460 2497 631 2562 numerari
650 2500 804 2585 poliunt,
823 2514 1062 2576 numerantur,
1086 2500 1198 2577 fiunt3
1221 2491 1328 2568 etubi,
1347 2501 1377 2551 et

271 2582 385 2656 unde,
415 2593 513 2645 tuum
534 2581 580 2646 eil
600 2583 790 2668 explanare.
832 2583 910 2646 Hoc
930 2595 1044 2648 autem
1066 2583 1167 2662 dico,
1199 2572 1376 2666 sciencia:

131 2733 140 2744 ,
271 2661 372 2728 cilius
400 2683 520 2728 eorum
549 2665 830 2746 aeternitatem.
853 2685 955 2753 quam
981 2666 1168 2742 facturam,
1206 2678 1241 2730 et
1275 2675 1376 2751 quaet!
1417 2675 1418 2752 p

298 2747 383 2826 ⁰¹12»
415 2761 452 2811 et
470 2743 641 2825 inveniri,
674 2765 709 2813 et
728 2748 871 2814 suaderi.
913 2750 962 2812 Μ.
991 2753 1121 2814 Deme
1142 2753 1249 2822 bene,
1280 2757 1317 2805 ut
1334 2757 1375 2798 rr·
1417 2755 1418 2798 ι

270 2767 356 2907 ico,
387 2829 555 2911 aestimas,
573 2835 727 2919 'quando
748 2830 835 2898 mihi
857 2829 1046 2898 difficiliora
1066 2833 1276 2921 quaerenda,
1294 2824 1376 2888 inre·
1417 2855 1418 2918 3

268 2911 416 2990 ”lendan
438 2914 609 2980 suadenda
631 2915 828 2981 committis.
857 2919 1084 2981 Veruntamen
1104 2939 1222 2982 meum
1235 2912 1374 2994 etquat-
1417 2959 1418 2994 3

268 3017 360 3077 rere,
384 2996 543 3080 invenire
564 3019 646 3064 vero
668 2999 761 3063 illius
783 2999 886 3065 lolius
908 2999 970 3077 est,
990 3004 1048 3086 qui
1067 3001 1235 3066 munnae
1253 2993 1371 3058 abscon·
1417 3049 1418 3054 ,

269 3079 349 3144 dita
367 3079 592 3146 tenebrarum:
614 3082 752 3147 suadere
776 3103 912 3170 quoque
934 3087 1086 3163 ejusdem
1109 3086 1178 3160 est,
1203 3079 1260 3170 qni
1279 3065 1372 3162 potest
1417 3121 1418 3128 ,

138 3161 143 3174 “
211 3166 214 3175 ’
268 3163 360 3228 folus
380 3163 511 3249 aperire
531 3165 681 3241 lenium,
704 3181 739 3230 et
760 3165 983 3231 intellectum.
1027 3167 1123 3253 Quid
1145 3165 1238 3232 enim
1257 3179 1349 3250 ιπῡΙ

159 3305 173 3318 .
269 3245 561 3325 exteriorum,
595 3247 712 3314 finon
735 3251 817 3314 adfit
837 3249 980 3314 interior
1001 3248 1237 3318 illuminatio?
1270 3246 1372 3325 Itath

268 3331 364 3415 qood
383 3330 486 3416 paulo
509 3347 588 3395 ante
611 3353 630 3396 a
651 3348 685 3397 te
707 3331 837 3398 dictum
860 3332 921 3408 est,
945 3348 1080 3414 aeterna
1101 3333 1241 3424 quidem
1260 3324 1296 3392 io
1310 3337 1370 3387 111⁰·

267 3415 376 3488 narie,
406 3411 445 3477 in
468 3413 814 3502 multiplicationibus
834 3436 915 3480 vero
936 3415 1003 3482 iuis
1028 3418 1134 3494 iacta,
1166 3419 1266 3496 huius
1286 3421 1370 3494 quw

267 3493 386 3562 ilionis
405 3497 634 3585 praelibamen
656 3500 720 3564 elle
740 3499 892 3564 arbitror.
934 3501 980 3563 Et
999 3501 1024 3566 fi
1047 3496 1262 3573 intellexisti»
1289 3482 1368 3576 ‘1⁰⁰³

268 3577 397 3729 (litigii,
433 3583 599 3730 {rpperflue
619 3581 752 3673 quaeris
772 3585 866 3670 quod
885 3580 1068 3674 iutelligit,
1089 3585 1139 3652 fin
1157 3599 1238 3650 vero
1254 3623 1265 3656 ,
1283 3585 1368 3662 qm·

265 3683 328 3730 ren
353 3687 413 3730 ιιιιι
480 3711 491 3728 .

330 3765 380 3813 ιι.
401 3751 447 3814 D.
471 3749 623 3818 Omnino
645 3748 747 3816 rideo
769 3769 929 3816 numeror
949 3769 1022 3817 non
1043 3749 1107 3818 ulfi
1126 3749 1164 3818 iu
1183 3735 1368 3828 multipflfl·
1417 3751 1418 3832 j

265 3825 421 3898 tionibus
448 3831 517 3898 luis
547 3834 639 3921 polle
668 3833 761 3908 fieri,
793 3853 872 3898 nam
901 3831 939 3900 in
969 3837 1117 3902 monade
1137 3848 1271 3902 aeterna
1287 3823 1363 3888 tuos
1417 3845 1418 3934 p

265 3911 452 4010 Quomodo
473 3929 604 3996 autem,
637 3920 691 3982 vel
711 3920 824 3993 unde,
854 3918 910 3982 rel
930 3918 1008 3996 ubi,
1040 3919 1147 3996 fiunt,
1179 3916 1285 3981 adbuc
1302 3915 1362 3968 uon
1417 3941 1418 3950 ι

264 3996 388 4072 νιᾶοος
420 3995 568 4086 ideoque
598 4005 722 4068 horum
750 3998 985 4098 coguitionem
1015 4019 1051 4068 te
1080 3999 1209 4092 aperire
1239 3981 1363 4081 postulo·
1417 4029 1418 4083 ι

171 4147 174 4158 ,
264 4077 318 4143 Μ.
348 4079 478 4146 Omnes
500 4105 661 4150 numeros
682 4085 873 4160 causaliter,
909 4087 977 4150 hoc
997 4085 1060 4163 eil,
1096 4086 1133 4150 vi
1154 4098 1189 4152 et
1207 4071 1358 4178 potestate·
1417 4095 1418 4146 l

266 4181 304 4228 ιιι
332 4163 480 4232 monade
511 4167 642 4257 semper
672 4169 734 4233 elle
763 4187 835 4234 non
856 4169 1061 4238 dubitamus.
1103 4171 1147 4238 t).
1173 4167 1263 4264 ῌωῦ
1280 4149 1359 4222 ‘lib'
