2930 4982
299 246 384 320 606
627 248 681 318 lle
702 247 884 320 Μαίων
905 243 1078 317 Ναίωαα.

302 433 413 522 giunt,
430 433 583 532 prodere.
604 431 764 522 Denique
786 450 861 500 eam
879 415 970 496 lnter
988 447 1052 495 noa
1071 441 1279 518 mutuamur,
1296 432 1378 496 ritio-

300 515 408 582 iiabili
439 517 565 581 incessu
593 517 802 604 gradientes,
836 529 871 580 et
895 511 1037 580 vicissim
1068 533 1124 578 me
1153 515 1379 600 praecedentem

300 602 457 688 sequere,
496 615 530 664 et
551 621 613 688 ego
634 616 667 665 to
686 599 976 688 praegredientem
997 596 1123 696 sequar.
1164 599 1208 663 D.
1226 597 1378 662 Praecedc.

363 698 415 762 31.
437 684 486 746 M.
511 685 564 748 De
585 683 698 752 reditu
717 681 938 748 humanitatis
960 700 1181 768 omniumque
1201 701 1281 768 quae
1298 679 1330 744 in
1343 680 1382 778 ip·

300 767 337 831 sa
364 782 397 830 et
425 781 564 853 propter
592 766 698 855 ipsam
725 768 813 832 facta
843 766 936 841 sunt,
975 762 1012 829 iri
1036 762 1107 849 ipsa
1128 779 1163 828 et
1182 784 1257 828 cum
1276 762 1336 850 ipsi
1353 783 1382 828 iu

301 848 511 937 principiam
532 850 629 916 suum
650 866 840 918 tractamus.
878 849 956 914 Noti
979 845 1070 911 enim
1092 867 1185 912 nunc
1208 849 1247 912 dc
1266 847 1384 910 substan·

301 932 348 996 tia
372 935 594 1012 daemonum,
625 955 725 1020 quam
748 931 906 1000 conditor
926 928 1079 999 omnium
1101 933 1224 995 bonam
1245 944 1278 993 et
1294 928 1383 992 incor·
1424 921 1432 960 ⁴

301 1013 498 1102 ruptlbilem
524 1017 560 1082 in
592 1017 639 1082 eia
666 1015 767 1094 fecit,
802 1017 908 1080 serino
936 1013 1036 1080 nobie
1058 1013 1119 1090 eti,
1150 1029 1262 1078 utrum
1282 1011 1386 1096 etipsa

207 1129 212 1144 ¹
299 1114 441 1186 purgata
464 1116 682 1165 convertetur
703 1103 745 1165 ad
764 1097 974 1187 principium
995 1097 1110 1172 suum,
1134 1100 1226 1184 quod
1243 1093 1384 1194 praeviri-

301 1185 411 1248 cando
435 1182 596 1256 deseruit,
621 1206 662 1247 an
685 1185 815 1268 semper
836 1205 855 1248 a
875 1179 1163 1266 contemplatione
1181 1177 1324 1245 veritatis
1342 1177 1387 1240 soa

299 1265 513 1352 perversitate
534 1267 717 1331 exorbitata
739 1265 868 1353 fugiet;
889 1268 956 1330 boc
978 1263 1114 1329 interim
1136 1263 1336 1328 solummodo
1354 1261 1387 1323 id

299 1371 424 1446 purum
448 1352 489 1414 de
512 1371 550 1414 ea
572 1348 827 1438 cognoscimus,
863 1351 956 1434 quod
978 1369 1049 1412 nori
1072 1347 1236 1434 punitur,
1263 1365 1322 1410 nec
1339 1365 1387 1405 un·

301 1454 402 1520 quam
422 1431 601 1519 punietur3
625 1448 659 1497 et
680 1433 773 1520 quod
793 1431 940 1532 dignitate
962 1430 1038 1494 suae
1058 1431 1187 1528 primae
1204 1425 1389 1494 conmuni·

299 1513 498 1604 primiquam
508 1517 549 1580 su
578 1515 719 1594 erbiret,
741 1519 983 1602 hominemque
999 1517 1189 1601 deciperet,
1212 1513 1332 1597 semper
1342 1509 1389 1572 im·

300 1598 510 1664 mutabiliter
538 1541 663 1687 absque
684 1601 752 1664 ulla
773 1598 946 1664 demtione
966 1597 1003 1662 i’n
1027 1618 1065 1661 ea
1087 1607 1236 1671 manet,
1251 1591 1392 1661 manebit·

231 1759 232 1762 Ἴ
300 1680 424 1769 quein
447 1698 638 1759 aeternum
661 1699 695 1748 et
715 1685 809 1769 quod
828 1681 984 1769 impietae
1005 1702 1106 1767 quarn
1126 1679 1344 1767 superbiendo
1354 1687 1389 1738 it·

300 1779 443 1830 traxerat
495 1767 607 1832 enitue
635 1767 778 1852 peribit,
808 1787 854 1832 ne
888 1763 1025 1830 divinae
1053 1761 1202 1830 bonitati
1234 1777 1391 1828 coaeterna

235 1899 237 1904 .
298 1848 374 1914 fieri
394 1870 440 1935 po
482 1865 509 1915 tt
550 1853 592 1915 de
614 1850 719 1914 salute
741 1865 854 1916 autem
877 1853 967 1930 ejua,
1001 1863 1061 1912 aut
1082 1847 1317 1920 conversione,
1347 1842 1391 1904 sea

234 1949 238 1959 ·
299 1932 337 1996 in
368 1934 499 1997 causam
533 1933 625 1996 suain
646 1933 776 2010 reditu,
808 1931 988 2032 propterea
1008 1931 1096 1995 nibil
1118 1929 1262 1998 definire
1304 1925 1391 1992 raesu-

299 2013 444 2091 miniua,
467 2016 628 2102 quoniam
648 2038 762 2104 neque
783 2015 919 2082 divinae
939 2013 1112 2090 historiae,
1148 2035 1264 2101 meque
1281 1952 1392 2077 sancto

299 2120 375 2162 rum
396 2099 534 2164 Petrum
556 2099 616 2185 qui
637 2121 711 2164 eam
733 2101 936 2199 exposuere,
969 2113 1094 2163 certam
1116 2100 1159 2162 de
1181 2101 1254 2162 boc
1270 2089 1392 2161 auctori·

299 2195 404 2246 tatem
435 2184 615 2270 habemut3
649 2198 749 2271 atque
777 2186 856 2248 ideo
886 2181 979 2246 illam
1010 2180 1253 2247 obscuritatem
1282 2174 1393 2244 blenda

298 2263 582 2342 honorificamua3
605 2287 650 2330 ne
671 2266 760 2330 forte
780 2287 867 2355 quae
889 2281 978 2330 extra
999 2285 1063 2329 noa
1084 2265 1164 2328 sunt
1185 2282 1340 2351 quaerere
1351 2279 1393 2355 co-

300 2355 437 2426 mantea,
459 2350 536 2434 plna
557 2351 676 2414 cadere
695 2348 734 2413 in
756 2371 920 2424 errorem,
948 2369 1048 2434 quam
1071 2348 1252 2413 ascendere
1271 2345 1309 2411 in
1326 2361 1394 2406 veri·

172 2455 184 2474 ¹
298 2446 404 2495 tatem
424 2431 525 2498 nobie
548 2432 736 2531 contingat.
779 2433 928 2498 Proinde
950 2433 1040 2518 quod
1063 2447 1155 2495 extra
1176 2451 1243 2496 noa
1263 2449 1332 2495 non
1351 2424 1392 2498 esti

298 2530 453 2580 naturam
473 2515 618 2584 nostram
640 2519 736 2593 dico,
760 2519 846 2581 duce
867 2519 941 2579 Deo
967 2535 1126 2614 quaerere
1147 2516 1323 2580 debemur.
1358 2512 1393 2572 D.

298 2601 349 2662 Ita
378 2615 534 2684 oportet;
566 2621 645 2664 iiam
667 2619 738 2663 non
761 2601 953 2665 solum·noe
974 2599 1063 2684 ipsoa
1085 2619 1157 2664 nom
1178 2597 1396 2686 prohibemur.

291 2702 418 2746 »verum
439 2681 541 2747 etiam
562 2675 729 2763 jubemur
763 2699 918 2758 maerere,
950 2681 1086 2747 dicente
1113 2682 1315 2755 Salomone,
1345 2669 1395 2762 rifi

182 2837 188 2856 ἢ
297 2770 490 2850 cognoveris
510 2762 669 2865 teipsum,
691 2791 714 2830 v
762 2770 835 2832 ein
854 2769 931 2831 uias
950 2788 1097 2849 gregum.
1131 2767 1214 2832 Nori
1238 2763 1398 2830 enimlon·

299 2868 342 2935 ge
373 2871 391 2914 a
421 2849 528 2915 brutia
556 2850 758 2930 animalibus
787 2849 900 2926 distat,
934 2849 993 2937 qui
1015 2848 1159 2935 seipsum
1182 2865 1397 2914 communem·

298 2951 366 3018 que
383 2932 526 2996 humani
570 2933 679 2997 enei-ie
699 2933 886 2998 naturami
912 2947 1019 2997 norat.
1072 2933 1207 3015 Moyseo
1229 2931 1330 3005 item;
1361 2937 1399 2989 ut·

297 3015 397 3078 tende
417 3017 483 3079 ridi
503 2955 584 3106 ips,
607 3015 671 3093 ait,
696 3032 731 3081 et
751 3019 825 3103 lege
846 2956 954 3080 veluti
976 3015 1012 3080 iii
1036 3014 1142 3090 libro,
1173 3013 1398 3102 operationum

223 3181 226 3189 Ι
298 3096 430 3162 animae
459 3098 638 3164 historiam.
691 3099 727 3164 si
757 3099 849 3164 enim
879 3121 941 3164 noa
969 3099 1060 3184 ipsos
1082 3099 1174 3164 nosse
1197 3115 1234 3163 et
1256 3111 1398 3188 quaerere

298 3181 478 3255 nolumus,
500 3183 655 3267 profecto
678 3186 719 3247 ad
740 3183 777 3248 id
797 3185 890 3268 quod
912 3184 1008 3269 supra
1030 3203 1094 3246 noa
1116 3182 1176 3258 est,
1202 3183 1337 3246 causam
1353 3178 1400 3240 sci·

296 3262 379 3327 licet
399 3263 541 3329 nostram
561 3265 671 3330 redire
692 3286 763 3331 nori
786 3267 1027 3331 defideramua:
1051 3286 1090 3330 ac
1105 3286 1167 3352 per
1181 3268 1255 3330 hoc
1271 3265 1309 3328 in
1323 3262 1398 3350 grab-

297 3350 377 3410 bato
406 3347 547 3413 earnalia
570 3349 746 3427 materiae,
784 3365 960 3435 morteque
982 3347 1195 3446 ignorantiae
1216 3347 1398 3429 jacebimus.

297 3431 399 3494 Nulla
426 3431 554 3519 quippe
582 3432 647 3497 alia
677 3433 733 3497 via
766 3433 810 3497 esi
831 3435 872 3496 ad
893 3431 1089 3530 principalia
1111 3432 1264 3520 exempli
1289 3423 1398 3526 pupiffi·

178 3562 181 3570 ,
296 3535 387 3580 niani
417 3515 759 3601 contemplationem,
789 3531 923 3602 praeter
948 3536 1123 3614 proximae
1151 3515 1215 3580 fibi
1237 3515 1317 3580 suae
1336 3531 1400 3575 imi·

298 3595 389 3684 ginis
411 3597 622 3664 certissimam
643 3599 816 3665 notitiam·
841 3598 1051 3684 Interprinci
1079 3600 1293 3684 alenamqtic
1306 3615 1398 3661 exem·

295 3683 392 3831 plum
421 3681 488 3748 ima
515 3682 673 3769 ‘nemque
703 3699 737 3748 et
762 3681 1017 3750 similitudinem
1046 3621 1115 3756 tbi,
1146 3685 1218 3748 hoc
1255 3680 1302 3746 est
1327 3677 1400 3743 inttt

332 3787 409 3830 eum
436 3781 470 3829 et
523 3765 764 3859 amenitatem,
793 3768 926 3830 nullum
953 3763 1168 3832 interstitium
1190 3763 1400 3830 constitutum

297 3847 353 3914 eit.
395 3851 493 3914 Hanc
520 3851 686 3915 rationein
717 3850 891 3914 intuent'ea
917 3846 1055 3924 Graeci,
1084 3850 1339 3918 humanitatem
1357 3842 1398 3906 ἂν·

296 3929 453 4019 ,spurici
475 3935 702 4021 appellavere,
727 3935 794 3998 hoc
815 3932 859 3996 est
880 3925 1120 4024 ιἰνωέίροπιίιν,Ι
1146 3927 1282 3998 sursum
1303 3929 1401 3994 versut

214 4045 219 4050 ·
297 4015 573 4102 conversionem
603 4019 658 4080 rel
680 4011 750 4082 ἅνω
772 4014 925 4108 τηροῦσα
948 4013 1065 4091 ὀπίαν,
1096 4020 1163 4084 hoc
1186 4016 1257 4095 est,
1288 4010 1398 4077 sursum

298 4097 432 4162 servani
458 4096 578 4165 visum.
622 4102 674 4166 ad
704 4099 864 4167 creatorir
891 4097 943 4163 sui
969 4098 1132 4188 siquidem
1152 4091 1400 4184 comtemplatio·

254 4277 259 4287 .
298 4201 399 4261 nem,
422 4181 515 4250 nulla
536 4183 598 4250 alia
621 4182 813 4273 interpofita
834 4197 1002 4266 creatura,
1023 4181 1220 4254 humanitate
1233 4173 1395 4253 mertias

1096 4293 1110 4326 ι

1248 4421 1255 4454 l
