2854 4978
358 309 360 315 ,
453 234 561 308 uter
585 233 741 310 reum.
992 345 996 350 Ι
1076 195 1177 312 m.

59 443 134 510 qnae
163 421 376 486 medietatem
405 421 573 508 quandam
602 419 693 488 inter
725 424 855 496 Deum,
889 434 926 484 et
955 409 1154 492 Creaturrni

58 505 224 580 obtinent,
259 509 327 570 hoc
349 505 410 580 est,
431 503 521 568 inter
540 503 633 572 illam
653 503 858 570 ineffabilem
879 501 1153 591 supereffeutiali·

57 605 147 654 tatem
170 589 266 674 super
287 611 423 654 omnem
437 586 665 668 intellectum,
690 605 724 653 et
739 585 945 656 manifestam
961 592 1154 658 substantia·

56 675 124 738 liter
142 688 310 746 naturam,
343 671 436 758 puris
460 671 581 738 animis
602 673 686 742 conl
707 673 805 738 icuus
827 672 1031 741 descendens
1049 676 1086 741 in
1107 677 1153 742 ef·

57 757 188 820 lectibus
216 755 362 840 ipsarum
390 755 447 829 fit,
481 771 514 820 et
545 697 717 822 manifele
746 755 784 820 in
817 757 1051 843 Theophaniis
1086 760 1153 827 l'uis

57 839 208 926 aperitur3
233 840 366 904 Deinde
387 862 446 925 per
466 839 671 927 multiplices
694 840 875 907 effectuum
889 841 1024 921 formas,
1046 865 1154 931 usque

56 927 90 988 ad
109 940 290 988 extremum
308 922 411 988 totius
433 939 570 988 naturae
592 925 767 1001 ordinem,
792 944 860 1010 quo
882 945 1023 1012 corpora
1047 929 1155 1004 contii

56 1023 179 1082 nentur,
198 1007 365 1104 procedit,
384 1028 422 1084 ac
444 1008 487 1070 sac
508 1008 662 1074 ordinate
683 1008 719 1072 in
743 1007 858 1076 omnia
877 1010 1084 1096 proveniens
1108 1011 1154 1078 fa·

57 1091 97 1156 cit
116 1113 246 1165 omnia,
271 1106 305 1154 et
327 1089 365 1153 fit
385 1089 422 1154 in
445 1091 601 1168 omnibus
624 1091 757 1172 omnia,
782 1107 816 1156 et
836 1090 874 1156 iu·
896 1093 1051 1180 seipsum
1065 1092 1171 1164 redit,

57 1197 204 1239 revocans
226 1175 262 1240 in
287 1175 318 1237 [e
340 1173 476 1249 omnia,
499 1190 533 1238 et
554 1179 634 1240 dum
656 1173 693 1240 in
715 1173 873 1240 omnibus
890 1176 947 1254 fit,
971 1179 1070 1264 [uper
1086 1201 1163 1280 our-p

55 1259 104 1322 nia
123 1261 274 1324 ellenon
296 1257 426 1330 delinit,
445 1279 484 1322 ar.
508 1261 549 1323 de
569 1258 677 1324 nihilo
700 1259 781 1324 facit
804 1259 930 1334 omnia,
955 1263 998 1326 de
1017 1263 1076 1326 lua
1095 1261 1155 1328 tci-

56 1342 126 1406 licet
145 1339 473 1428 supereffentialitate
495 1341 654 1426 producit
674 1341 848 1417 edentias,
884 1345 926 1422 de
948 1345 1157 1431 supervitali-

57 1426 236 1498 teteritas,
272 1429 314 1511 de
335 1425 727 1510 superintellectualitate
751 1425 962 1500 intellectus,
994 1433 1036 1492 de
1057 1450 1157 1516 nega·

57 1509 139 1572 tione
160 1507 312 1574 omnium
334 1530 420 1595 quae
445 1509 532 1583 lunt,
550 1524 592 1574 et.
607 1532 692 1596 quae
714 1533 784 1575 non
808 1512 895 1584 lunt,
918 1509 1156 1578 affirmationes

56 1593 214 1664 omnium,
249 1614 338 1690 quae
356 1593 452 1666 lunt,
484 1607 519 1655 et
539 1614 625 1690 quae
647 1614 717 1657 non
741 1594 840 1669 [unt3
872 1609 907 1658 et
928 1598 994 1659 hoc
1015 1596 1155 1660 manife-

56 1676 171 1740 stiffime
193 1679 294 1740 docet
315 1674 469 1740 omnium
489 1679 618 1740 reditus
640 1675 678 1740 iu
703 1678 855 1751 caulam,
878 1699 919 1740 ex
941 1701 1004 1764 qna
1026 1677 1168 1764 procel-⁸

56 1761 173 1836 lerunt,
196 1761 333 1846 quando
354 1758 469 1825 omnia
491 1775 737 1824 convertuntur
757 1760 793 1824 in
816 1764 939 1838 Deum,
953 1763 1037 1826 licut
1052 1771 1105 1827 adr
1117 1763 1155 1828 in

54 1845 172 1918 lucem,
203 1845 338 1930 quando
362 1841 443 1918 erit,
475 1845 572 1908 Deus
594 1848 704 1908 omnia
724 1848 757 1908 in
778 1845 941 1919 omnibus,
969 1867 1040 1910 non
1062 1848 1157 1933 quod

7 1930 10 1941 ’
56 1929 145 1992 etiam
172 1947 363 1994 nunc.non
395 1927 435 1990 fit
467 1909 566 1992 Deus
593 1931 704 1993 omnia
734 1929 767 1992 in
787 1929 950 2006 omnibus,
984 1929 1042 1994 led
1063 1931 1170 2018 quod·

56 2011 116 2096 post
142 2009 464 2097 praevaricationem
492 2014 661 2076 humanae
681 2027 837 2088 naturae,
872 2028 907 2076 et
928 2014 1157 2099 expulfionem

56 2099 90 2158 de
109 2096 183 2159 sede
204 2094 365 2167 Paradili,
395 2097 462 2158 hoc
486 2093 549 2170 est,
583 2098 624 2162 de
648 2094 828 2162 altitudine
849 2095 1031 2183 spiritualis
1052 2097 1156 2174 ritae,

55 2195 139 2242 etex
160 2177 582 2275 cogitatione-clariffimae
605 2178 807 2264 sapientiae,
824 2179 866 2253 ,in
885 2179 1158 2265 profundiffirnss

55 2261 253 2347 ignorantrae
276 2264 429 2324 tenebras
451 2263 620 2336 detrusae,
646 2284 750 2326 nemo
769 2263 830 2328 nifi
854 2263 969 2328 divina
994 2264 1098 2361 gratia
1120 2262 1159 2328 il·

55 2345 245 2419 luminatus,
284 2361 319 2408 et
339 2343 374 2407 in
400 2343 596 2428 divinorum
618 2345 850 2428 Mysteriorum
873 2346 1054 2412 altitudine
1079 2369 1158 2412 eum

54 2429 146 2493 Paulo
168 2444 282 2515 raptus
304 2431 476 2513 quomodo
500 2433 581 2494 deus
606 2427 720 2493 omnia
741 2429 777 2494 in
799 2430 958 2496 omnibus
975 2430 1035 2504 est,
1058 2451 1157 2496 verae

54 2510 288 2599 intelligentiae
317 2511 475 2575 contuitu
500 2511 609 2598 potest
635 2513 712 2597 pers
734 2513 823 2577 icere
850 2515 944 2577 nulla
970 2513 1157 2588 ‚carnalium
1217 2566 1219 2570 .

55 2597 307 2681 cogitationum,
330 2617 560 2682 vanarumque
580 2537 829 2682 phantasiarum
849 2595 995 2683 ealigine
1008 2595 1178 2682 interpo·‘
1295 2601 1298 2608 ’

56 2678 120 2754 fita,
149 2678 343 2764 mentisque
371 2676 443 2743 acie
474 2678 727 2742 irrationalibus
748 2677 954 2766 pellionibus
975 2678 1156 2755 infirmata,

55 2777 84 2824 et
101 2785 137 2826 err
159 2761 394 2849 splendoribus
414 2763 593 2848 perspicue
613 2761 766 2826 veritatis
786 2764 990 2849 reperculsa,
1019 2762 1159 2827 consue·

54 2844 151 2931 tisque
181 2844 411 2932 corporalibus
443 2845 572 2910 umbris
594 2860 774 2920 contenta,
809 2844 995 2910 nonenim
1019 2849 1159 2911 creden·

55 2930 123 2992 dum
152 2930 197 2992 ell
220 2931 262 2993 de
283 2929 478 3004 coelestibus
500 2928 666 3006 effentiis,
700 2951 786 3026 quae
807 2951 984 3027 nunquam
1004 2945 1160 2994 aeternae

54 3011 263 3078 beatitudinis
295 3011 413 3076 statum
449 3013 640 3084 deseruerat
679 3015 772 3076 ahud
794 3013 923 3101 aliquid
943 3011 980 3077 in
1003 3011 1159 3077 universa

53 3113 191 3160 uentura
219 3111 350 3192 praeter
377 3095 488 3181 ipl'um
518 3099 619 3162 deum
648 3117 873 3184 cognoscere,
916 3095 1080 3182 liquidem
1108 3095 1159 3158 vl-

57 3181 130 3253 deo,
162 3195 199 3244 et
219 3201 256 3244 rn
278 3177 552 3265 primordialibus
577 3180 680 3246 ceusu
701 3181 800 3278 [uper
817 3201 954 3246 omnem
971 3179 1105 3248 leniunt
1125 3193 1161 3244 et

54 3259 255 3328 intellectum
285 3263 403 3331 omnia'
427 3263 816 3351 perspiciuntomnrbus
835 3262 1158 3350 naturaeroperibus

55 3349 89 3408 ad
109 3350 379 3434 cognoscendam
401 3347 578 3412 veritatem
600 3369 671 3412 non
695 3347 899 3435 indigentes.
944 3349 1022 3412 Sola
1044 3363 1159 3418 nutem

54 3429 206 3514 ineffabili
230 3429 337 3516 gratia
359 3431 486 3495 aeterni
507 3429 648 3495 luminis
670 3431 838 3507 fruentes,
870 3433 914 3498 ad
941 3453 1044 3529 quam
1063 3430 1160 3494 vilio·

55 3533 123 3576 nem
142 3519 326 3584 humanam
346 3530 502 3578 naturam
523 3518 684 3580 reducere
706 3515 771 3579 Dei
788 3517 930 3578 verbum
945 3528 1160 3580 incarnatum

56 3596 233 3674 descendit,
258 3598 362 3684 ipsam
383 3597 478 3686 prius
499 3598 635 3696 lapsam,
658 3621 757 3686 quarn
780 3602 823 3663 ad
843 3596 1020 3684 pristinum
1041 3596 1162 3660 statum

56 3697 237 3757 revocaret,
261 3681 450 3768 accipiens,
474 3683 676 3746 delictorum
697 3682 982 3772 vulnerpsanans.
1005 3678 1162 3742 fallarum

55 3759 294 3832 Phantastsrum
315 3770 449 3835 umbras
468 3763 692 3852 extinguens,
719 3767 836 3831 oculos
852 3762 977 3830 mentis
994 3761 1159 3848 aperiens,

56 3842 94 3908 lei
117 3848 186 3920 [um
207 3849 246 3916 iu
269 3851 427 3918 omnibus
448 3849 520 3925 his,
534 3847 603 3936 ,qui
627 3847 723 3935 digni
744 3851 824 3914 sunt
844 3845 905 3914 tali
924 3845 1069 3918 villone,
1091 3865 1160 3910 ms·

57 3927 86 3990 tt‘
103 3933 212 4000 estana.
255 3937 298 3998 D:
332 3936 424 4000 Haec
455 3936 559 3999 ardua
578 3934 677 3998 valde
699 3933 794 4009 lunt,
822 3947 856 3996 et
877 3951 899 3996 a
919 3931 1063 3996 sentibus
1089 3947 1161 3994 cot·-

59 4016 174 4094 poralia
194 4033 229 4081 et
248 4017 391 4084 vilibilia
412 4015 636 4106 cogitantium
658 4032 806 4082 remota:
829 4015 1003 4088 hisvero,
1027 4009 1087 4107 qui
1109 4010 1161 4074 l'u·

58 4115 109 4176 per
135 4100 298 4178 visibilis,
334 4119 368 4166 et
389 4103 593 4190 corporalis,
628 4098 846 4189 spiritualiter
867 4096 901 4162 in
925 4117 965 4186 oo
1017 4095 1161 4163 itionem
1212 4131 1214 4138 ·

60 4179 199 4250 veriori·
235 4186 439 4266 ascendunt,
476 4183 641 4254 reriffims
676 4199 713 4250 et
747 4180 932 4251 dulciffime
961 4193 1160 4248 esresount.

685 4301 761 4370 16·
