2856 4978
453 247 561 322 late
586 249 740 324 Telau.
1074 249 1151 326 291
1185 343 1190 353 ἢ
1241 275 1246 282 ’

100 455 134 500 ae
159 453 276 534 corpur
304 434 461 513 solvitur,
492 449 659 523 quantum
685 495 686 500 ,
713 435 809 502 erse
836 433 1030 523 simpliciter
1051 435 1148 508 subsa-

59 459 159 593 παι,
173 515 334 604 spirituali
355 534 494 586 naturae
515 518 667 607 proxima
687 459 783 586 funt:
805 518 888 605 quid
907 517 1032 600 mirum
1052 521 1077 586 st
1096 519 1150 588 in·
1286 525 1290 536 '

59 623 93 670 ‘⁰
116 599 1149 775 td,⁸:¹tht·¹t‘t1⁰13?2¹sts¹¹sdttst¹·stiffi
1223 651 1248 672 ⁴
1330 641 1333 650 ’

897 731 910 764 ‚
1136 725 1149 740 .

45 759 138 836 ‘mita
162 769 266 855 potest
295 768 470 856 attingere.
513 769 691 836 Dissimilia
719 786 833 836 autem
858 771 937 835 sunt
956 769 1017 836 sibi
1037 773 1147 848 massa,

58 869 86 918 ct
103 851 327 938 corruptibilia
348 873 507 940 corpora;
529 853 648 920 similia
668 875 749 920 vero
772 853 959 920 tenuissima
970 841 986 930 ‚'
1002 869 1037 920 ct
1051 857 1147 921 nullo

56 939 144 1002 modo
166 936 375 1023 corruptioni
397 936 553 1004 obnoxia.
586 938 665 1004 Non
688 938 780 1004 enim
804 939 1183 1004 credendumcstcor·⁴

56 1041 160 1118 porcat
179 1035 306 1118 parter..
329 1043 369 1089 ex
391 1021 593 1168 compagine
613 1019 701 1108 spilli
721 1020 871 1108 borporia
893 1019 1083 1120 dissolutae,
1110 1021 1148 1088 iu

56 1104 122 1189 rpfia
142 1103 336 1179 elementia,
357 1103 393 1169 in
417 1127 474 1191 qur
501 1127 541 1170 ua
564 1107 752 1181 salvantur,
786 1103 1035 1172 crassitudinem
1056 1105 1149 1172 suam

55 1209 114 1252 aon
136 1188 301 1264 deserere;
327 1203 362 1254 et
382 1188 512 1270 nonin
533 1187 684 1278 ipsorum
698 1191 944 1256 elementorum
957 1186 1147 1264 leviffimar,
1245 1185 1249 1234 ⁷

54 1269 292 1356 spiritualesque
314 1272 492 1357 qualitates
515 1271 674 1348 tranaire,
696 1295 769 1339 non
785 1290 825 1338 ut
838 1271 976 1360 panitur
990 1294 1061 1340 nou
1077 1293 1148 1338 cor·

53 1374 140 1438 pora,
167 1355 224 1418 sod
252 1370 293 1418 ut
323 1354 509 1441 spiritualia
536 1377 696 1444 corpora,
729 1358 813 1426 sicut
841 1373 877 1423 et
903 1356 975 1444 ipsa
994 1357 1060 1421 sint
1084 1357 1150 1422 ele·

54 1455 168 1502 mauu:
198 1440 293 1524 quod
322 1438 423 1506 etiam
450 1438 598 1504 viventia
627 1438 739 1506 adhu'c
769 1438 920 1528 corporia
948 1455 1148 1527 argumento

53 1519 254 1604 promtissime
290 1523 383 1586 vasca
416 1525 611 1609 approbare.
668 1524 822 1590 Partium
852 1521 1015 1614 siquidem
1044 1522 1148 1624 ipsiua

71 1609 199 1672 uaedam
232 1603 371 1690 quidem
402 1607 610 1691 ponderosae
639 1608 735 1682 sunt,
770 1624 804 1672 et
830 1605 868 1674 iu
898 1605 1149 1673 crassitudinem
1279 1615 1281 1619 ’

54 1625 210 1764 densatam
244 1703 285 1752 ut
304 1689 383 1753 sunt
404 1691 490 1765 ossa,
514 1711 647 1766 carnea,
669 1689 769 1756 nervi
788 1711 943 1780 quoque,
969 1711 1008 1756 ac
1028 1711 1147 1765 venae,

53 1789 154 1838 amaea
182 1770 285 1838 etiam
313 1775 494 1848 humaret,
524 1771 649 1859 quibua
676 1775 784 1840 molet
815 1790 887 1840 tota
907 1770 1082 1861 irrigatur,
1112 1788 1148 1838 et

53 1855 202 1931 nutritur,
232 1869 270 1918 et
293 1855 495 1922 fabricatur:
526 1860 611 1922 baec
640 1857 732 1924 enim
764 1856 895 1933 omnia,
926 1879 967 1922 ex
996 1855 1147 1946 aquatili,

54 1949 234 2026 terrenaque
257 1939 418 2024 qualitate
439 1938 476 2006 iu
497 1940 772 2006 constitutionem
796 1939 946 2027 corporis
958 1941 1148 2006 sumuntur.

54 2019 209 2105 Quaedam
231 2043 313 2087 vero
335 2021 537 2099 seviffinra03
560 2026 724 2111 nulloque
746 2024 940 2112 gravitatis,
962 2023 1022 2088 seu
1041 2022 1147 2090 craffi·

53 2104 164 2178 tudinis
184 2107 337 2194 pondere
358 2105 560 2193 impeditae,
584 2129 718 2194 quaqua
738 2109 889 2184 versum,
911 2123 1014 2194 prout
1035 2103 1149 2173 anima

53 2187 176 2264 jussent,
197 2191 293 2256 nulla
313 2211 407 2255 mora
430 2188 642 2268 interstante,
666 2191 841 2257 confestim
863 2190 1086 2290 perveniunt;
1108 2205 1150 2256 ut

55 2270 90 2332 cst
113 2273 232 2349 visua„
251 2288 285 2338 et
312 2274 468 2350 auditua;
502 2297 584 2362 quat
613 2290 725 2361 parter
748 2297 899 2362 corporra
920 2273 985 2339 essa
1006 2295 1047 2338 ex
1066 2272 1149 2360 igne

55 2367 82 2416 et
105 2365 173 2422 ar'e're
199 2359 361 2424 deductae
392 2378 493 2423 nemo
515 2373 608 2423 recte
627 2357 941 2446 philosophantium
962 2359 1049 2422 abne
1073 2357 1147 2424 urit.

53 2437 97 2500 Esl
120 2440 226 2518 enim,
261 2456 301 2506 ut
317 2440 369 2505 ait
389 2441 532 2509 Sanctua
551 2427 772 2528 Augustinus,
805 2435 998 2534 luminosum
1054 2443 1150 2542 iquid

55 2521 83 2582 in
108 2526 222 2602 eculin
254 2535 383 2590 otram
427 2526 563 2588 uiridem
583 2526 705 2590 mobile
724 2540 758 2590 et
768 2520 927 2614 sonorum
947 2528 982 2589 in
1001 2525 1147 2592 auredus.

54 2602 133 2671 Visus
158 2607 322 2706 siquidem
344 2547 465 2706 estiux
486 2611 650 2756 quaedam
658 2652 669 2683 ,
704 2631 743 2674 ex
765 2609 876 2708 cordia
895 2609 910 2673 i
960 2607 1149 2708 eprimuqn
1225 2665 1227 2670 .

53 2707 192 2765 amoene.
215 2695 407 2778 demdeque
428 2713 466 2756 ιιι
506 2707 716 2757 ummrtatem
739 2707 878 2756 verume
895 2715 913 2756 a
928 2695 1087 2764 candent,
1109 2715 1148 2758 ιιι

53 2789 112 2835 eam
138 2774 299 2842 videlicet
320 2791 467 2861 partem,
499 2797 584 2861 quae
607 2797 626 2838 a
650 2774 786 2840 Graecia
809 2773 934 2840 dicitur
953 2767 1100 2866 μήνιγξ,
1128 2796 1149 2844 u

53 2849 166 2922 Latinis
189 2875 286 2924 vero·
300 2861 561 2937 membranula„
586 2880 652 2945 qua
681 2860 856 2924 cerebrum
888 2875 922 2922 et
944 2857 1091 2922 ambitur
1113 2873 1151 2923 et

53 2938 236 3017 custoditur,
268 2963 328 3029 per
362 2945 524 3028 quosdam
547 2962 649 3028 poroa
674 2945 716 3006 ad
736 2940 914 3027 supercilia
959 2940 1167 3029 upillaaqud,

53 3023 212 3089 oculorum
235 3025 403 3099 derivata,
424 3023 733 3090 undcvelociffimo
749 3024 899 3110 impetu,
936 3024 1079 3090 clarium
1098 3047 1148 3091 ra-

58 3101 175 3172 diorum
202 3107 321 3183 instar,
352 3109 439 3174 sorae
461 3107 784 3195 prosaliens,'priua
804 3107 997 3206 propinqua
1018 3109 1092 3174 loca
1114 3124 1149 3174 et
1184 3179 1191 3194 ·

54 3203 194 3274 corpora,
216 3192 276 3256 seu
297 3191 483 3278 longissime
506 3191 708 3268 constituta,
731 3206 825 3256 tanta
845 3194 1026 3264 velocitate
1048 3189 1150 3257 attia·

54 3266 110 3414 pit,
132 3295 228 3360 quam
250 3276 407 3362 palpebra
431 3277 607 3341 oculorum
629 3291 664 3340 et
683 3275 835 3340 tautonis
854 3275 1043 3374 supercilia.
1080 3277 1147 3342 Διι-

75 3349 131 3419 'tua
159 3379 295 3445 quoque
323 3358 367 3422 csl
395 3357 624 3424 subtisiffimuc
675 3359 790 3424 uidam
820 3358 984 3436 tinuatur,
1012 3358 1072 3446 qui
1106 3379 1148 3424 ex
1192 3392 1194 3396 ·

52 3437 237 3531 ppsmonum
266 3440 385 3540 spiritu
411 3441 521 3527 primo
567 3381 749 3518 rocaduno,
780 3443 975 3529 sursumque
996 3441 1034 3508 iu
1055 3462 1149 3528 prae·

53 3519 162 3588 betam
181 3525 303 3612 capitia
324 3539 453 3612 partera
476 3467 699 3670 conserpena,
720 3548 782 3612 per
802 3527 880 3592 suoc
893 3527 1045 3590 occultos
1062 3544 1150 3623 mqu-

55 3613 114 3678 tue,
143 3607 176 3672 in
199 3607 332 3674 aurium
354 3608 484 3676 cocleae
507 3606 590 3673 dsffu
606 3629 666 3683 ue,
702 3608 791 3674 sorae
813 3607 979 3706 erumpit,
1010 3606 1148 3702 vicima

54 3701 107 3768 que
133 3692 282 3776 partibus
310 3691 392 3756 aeria
423 3691 480 3756 scu
508 3690 645 3778 longina
665 3691 781 3778 positia
803 3693 835 3756 se
856 3711 1022 3765 misceas,
1056 3711 1149 3838 quac·

54 3769 124 3852 qaid
142 3773 179 3839 in
205 3798 246 3842 co
269 3775 433 3849 sonuerit,
456 3777 581 3861 absque
602 3775 671 3840 ulla
692 3774 871 3850 tarditate,
892 3771 1044 3861 recipere
1079 3771 1149 3838 elli·
1176 3834 1183 3848 ,
1280 3781 1299 3798 “

54 3867 112 3918 nat
149 3859 361 3957 Hae-itaque
386 3873 497 3945 parter
528 3856 679 3946 corporis
700 3855 942 3948 subtilissimae,
968 3855 1149 3944 spirituali·

53 3931 167 4035 busque
197 3959 329 4008 naturra
342 3941 502 4018 uicinas,
537 3941 692 4029 quamvis
719 3963 760 4005 ex
787 3940 1007 4008 interioribua
1033 3939 1149 4030 spissae
1215 3981 1219 3994 ι

53 4022 138 4087 musra
164 4026 331 4114 originem
360 4029 548 4102 attrahant,
576 4027 668 4092 forat
696 4039 809 4092 tamen
831 4022 868 4092 iu
889 4040 1022 4094 tantum
1043 4023 1149 4113 porri·

53 4119 184 4254 Qut,
204 4113 321 4180 atlon
347 4131 366 4174 e
387 4125 479 4178 extra
499 4133 573 4176 eam
589 4108 808 4179 ,aestimentur
828 4109 981 4198 separari.
1022 4112 1147 4177 Eaten-

159 4191 251 4262 euiru
280 4133 372 4260 vitio
394 4195 437 4260 ad
458 4193 668 4284 recipiendae
688 4191 869 4262 visibilium
889 4215 1003 4262 rerum
1023 4193 1149 4262 colora·

672 4309 751 4381 19*
