2948 4978
485 239 790 342 marm,
855 334 858 350 Α
1159 251 1188 326 a

102 425 192 525 stolas
213 425 315 508 dicit,
351 427 402 496 Et
428 443 532 496 vom
561 449 603 494 eo
628 451 715 518 quar
739 451 804 498 rrotr
819 427 1115 524 [amasinum
1143 448 1186 498 aa

107 535 175 661 pm
200 505 301 607 [rura
335 513 404 578 hoc
435 511 500 590 esi,
545 509 611 613 'qui
646 512 684 580 in
730 514 841 614 primo
880 512 1022 617 bomine
1057 511 1186 603 perditi

107 597 1188 777 ,¹22⁸ttw‘ldlllilullsllli'll?attitulasti?

106 783 135 826 ιιι
159 761 279 826 chrito
305 761 415 859 renati
444 760 532 831 sunt.
575 764 776 861 Quanquam
806 782 841 832 et
864 771 931 832 boc
958 765 1007 830 ita
1035 761 1184 852 intelligi

124 841 200 921 offit,
228 861 263 910 et
291 847 332 910 de
353 848 407 910 lna
427 867 511 933 quoa
534 849 687 934 quotidie
709 852 801 912 Deua
825 871 864 914 er
884 849 1018 914 secretio
1035 850 1185 914 Naturae

144 928 222 1003 but,
246 926 283 992 in
304 927 428 1014 quibua
449 929 660 994 aestimantur
679 952 751 996 non
774 930 854 1009 else,
884 946 1001 1008 vocat,
1024 947 1063 998 ttt
1084 951 1103 998 a
1128 951 1185 1018 pa·

101 1014 180 1074 r'eant
196 1009 370 1076 aifibiliter
389 1012 426 1077 in
448 1013 556 1078 forma
578 1027 613 1078 et
632 1014 790 1090 materia,
810 1015 1035 1102 caeteriaque
1052 955 1135 1100 inpq
1161 1011 1171 1030 ’

101 1094 152 1158 bna
170 1095 300 1158 occulta
322 1117 479 1181 apparere
499 1097 652 1184 possuntt
681 1097 757 1162 etsi
800 1097 861 1164 uid
903 1113 1011 1163 taeter
1030 1100 1094 1163 boa
1113 1117 1185 1162 mo·

102 1177 149 1240 dor
173 1175 362 1263 indagatior
391 1178 477 1244 ratio
510 1178 665 1246 invenire
692 1196 754 1267 pot
806 1205 815 1245 ι
845 1123 902 1246 sei
921 1177 1185 1269 praesentialiter

99 1259 132 1322 de
150 1258 198 1324 bia
216 1275 259 1324 ut
278 1259 419 1327 arbitror
442 1261 518 1326 satia
545 1263 673 1328 dictum
696 1263 760 1339 esi,
797 1263 907 1330 litibi
927 1265 1022 1328 aliter
1043 1285 1114 1329 non
1135 1260 1185 1325 ri·
1246 1308 1249 1316 ·
1286 1283 1297 1297 “

99 1343 188 1406 detur.
227 1343 382 1408 DsSatia
405 1347 524 1430 plane,
546 1347 683 1426 nisime
728 1345 873 1435 auliaper
893 1349 1060 1422 turbaret,
1091 1343 1186 1433 quoti

99 1425 159 1491 ti.
178 1425 364 1514 Augustino
385 1426 422 1492 in
444 1451 596 1496 examero
617 1429 676 1495 suo
723 1429 828 1496 ‘ctum
856 1429 932 1510 ella
951 1434 1019 1496 hoc
1039 1427 1099 1506 est,
1129 1449 1185 1490 art·

94 1509 214 1591 galicata
256 1523 407 1574 naturam
441 1527 520 1576 ante
555 1537 678 1582 omnem
708 1531 893 1580 araturam
920 1515 1091 1598 dignitate
1119 1532 1186 1576 uon
1289 1553 1290 1560 ι

88 1605 221 1676 tenpore
243 1596 412 1660 conditam
424 1587 543 1695 fniffa.
587 1599 633 1661 Ac
652 1617 713 1683 per
733 1601 798 1665 boc
821 1614 856 1664 et
875 1596 1019 1663 aliorum
1030 1592 1186 1660 omnium

95 1691 214 1762 propter
246 1677 369 1742 suimet
388 1677 619 1764 primordiales
642 1680 772 1770 causat,
803 1687 869 1748 boc
891 1681 952 1760 cll,
984 1674 1186 1776 principalia

94 1761 247 1846 exempla,
279 1783 366 1846 quae
383 1761 513 1828 ‘Graeci
542 1759 988 1853 llpwro'rorru·2noruinabt,
1021 1781 1116 1849 priua
1145 1779 1184 1826 ru
1302 1783 1305 1790 ·

93 1843 154 1907 Deo
175 1843 405 1920 considerasse,
443 1845 566 1910 deinde
586 1845 624 1910 iu
646 1845 926 1931 seiptapopinde
947 1845 1034 1932 ipsaa
1055 1855 1185 1910 creatu·
1255 1851 1263 1862 “

93 1945 135 1988 ιιι
158 1924 193 1990 in
221 1925 399 1991 effectibus
419 1927 504 1994 suiat
539 1950 618 1994 nam
638 1929 761 1996 suimet
781 1921 910 2004 catisaru
931 1928 1127 2016 priuaquaru
1146 1925 1185 1992 iu
1215 1991 1216 1996 ,

92 2007 221 2073 lecim
265 2009 414 2098 ropriaru
435 2013 649 2098 procederet,
675 2033 879 2101 cognoscere
898 2035 970 2078 non
982 2008 1102 2076 valuit.
1133 2009 1185 2096 M,

92 2030 152 2154 lieu
175 2033 263 2156 iuni
291 2109 326 2156 te
353 2114 490 2159 movere
517 2108 671 2182 oportet,
699 2095 759 2162 sed
789 2093 956 2161 intentius
985 2114 1071 2182 quae
1094 2087 1185 2157 dicta

91 2171 156 2236 sunt
183 2176 367 2244 considera.
411 2178 447 2242 Si
480 2177 572 2244 enim
593 2178 731 2266 angelon
751 2178 955 2277 principalea
975 2198 1087 2244 rerum
1108 2195 1185 2239 cau·

91 2256 132 2320 saa
147 2256 182 2322 in
202 2263 279 2324 Deo
302 2257 496 2326 constitutae
518 2261 709 2348 cognovisse
733 2261 934 2339 dixerimua,
956 2257 1112 2353 Aptissolo
1133 2279 1184 2322 re·
1219 2267 1227 2278 '

92 2339 181 2404 llere
210 2341 423 2420 videbimur,
456 2348 515 2428 qui
526 2340 632 2438 super
651 2364 742 2412 onore
761 2347 848 2431 quod
867 2348 993 2410 dicitur
1013 2357 1048 2408 et
1066 2341 1185 2407 iutelli-

88 2426 184 2502 gitta,
217 2421 330 2510 ipsum
350 2429 462 2490 Deum
484 2443 518 2491 et
539 2429 651 2505 causat
673 2430 826 2494 omniurn
849 2428 885 2492 in
908 2449 972 2506 eo,
1002 2427 1070 2492 five
1091 2421 1186 2490 aliud

89 2527 149 2569 oon
175 2505 241 2570 lint
271 2524 405 2595 praeter
437 2508 473 2574 id
494 2513 587 2597 quod
606 2509 678 2598 ipse
699 2513 760 2590 est,
792 2509 933 2578 affirmat
954 2511 1034 2587 esse;
1064 2527 1104 2572 ac
1123 2527 1185 2594 per

87 2589 142 2655 boc
160 2591 380 2656 necessarium
402 2591 463 2670 esl,
485 2611 610 2659 rectam
630 2597 776 2662 mediam
801 2617 844 2660 ue
864 2593 956 2660 viam
977 2609 1110 2666 tenere,
1138 2609 1185 2654 rte

87 2673 132 2736 rel
158 2674 319 2761 quftolo
351 2673 525 2741 videamur
545 2677 706 2754 renuere,
738 2619 799 2744 rei
816 2676 1017 2743 sententiam
1037 2673 1186 2738 summae

88 2774 120 2820 tc
141 2755 275 2824 sauctae
305 2757 493 2826 autoritatis
528 2759 677 2847 Magistri
698 2782 770 2828 non
791 2761 956 2824 obtinere.
996 2759 1186 2842 Utrumque

87 2836 180 2924 igitur
204 2863 328 2906 verum
356 2839 469 2906 dixisse
496 2864 568 2907 non
601 2841 841 2919 dubitandum,
861 2840 943 2907 'imo
976 2835 1118 2905 firmiter
1139 2850 1187 2902 tc·

86 2925 236 2988 nendum.
282 2923 425 3002 Causam
452 2923 571 3010 igitur'
585 2946 698 2990 rerum
725 2925 898 3001 omnium,
929 2943 1016 3009 quae
1048 2939 1187 2986 omnem
1251 2983 1260 2998 ,

85 3003 289 3072 intellectum
330 3023 510 3092 exuperat,
550 3005 638 3072 nulli
668 3023 797 3072 creatae
828 3022 969 3072 naturae
999 3003 1187 3072 secundnm
1257 3057 1260 3064 .

86 3088 270 3237 Apttffolum
292 3089 464 3175 cognitam
484 3089 577 3168 lieri,
599 3087 686 3157 ratio
706 3090 793 3158 linit.
838 3092 923 3194 puis
940 3089 1035 3165 enim,
1058 3083 1183 3174 inquit,

86 3172 143 3234 itte
167 3187 277 3238 ectum
303 3174 445 3238 Domini
473 3176 648 3258 cognovit:
674 3189 708 3238 et
728 3173 829 3251 alibi,
860 3179 935 3240 Pae
955 3174 1035 3239 chri
1066 3174 1186 3256 iquae
1220 3173 1223 3183 ‘

86 3272 239 3339 eruperat
259 3280 385 3322 omnem
406 3259 613 3324 taruennam.
655 3261 701 3338 At
719 3259 744 3323 st
764 3257 862 3323 causa
882 3256 1037 3322 omnium
1056 3256 1099 3318 ab
1115 3255 1186 3318 om'·

85 3337 173 3406 tribua
203 3361 295 3438 quae
326 3353 436 3409 creata
462 3341 541 3406 sunt
570 3344 611 3405 ab
633 3361 689 3418 ea,
724 3357 855 3422 remota
876 3340 939 3417 est,
968 3341 1096 3424 absque
1115 3335 1185 3401 ulla

85 3423 290 3488 dubitatione
318 3421 466 3488 rationes
496 3424 651 3508 omnium
679 3443 792 3488 rerum
813 3444 900 3522 quae
920 3419 1132 3488 aeternaliter
1151 3430 1187 3483 et

85 3501 400 3572 incommutabiliter
420 3505 457 3571 in
480 3528 519 3573 ea
540 3507 639 3581 sunt',
678 3509 717 3572 ab
740 3511 898 3572 omnibua
919 3524 1063 3603 quorum
1085 3497 1186 3565 ratio·

85 3609 134 3654 nea
153 3591 250 3667 sunt,
273 3586 413 3676 penitua
434 3605 584 3655 remotae
604 3589 691 3654 sunt.
732 3591 772 3654 ln
802 3588 963 3677 angelicra
982 3605 1065 3656 vero
1087 3581 1187 3648 intel·

84 3669 215 3737 lectibua
242 3676 369 3738 earum'
388 3673 560 3738 rationum
581 3669 802 3759 theopbanias
824 3673 983 3760 quaedam
1005 3669 1086 3744 elle,
1118 3668 1186 3764 i¹⁰.⁰

84 3753 137 3830 est,
158 3755 478 3844 comprehensibilea
500 3754 737 3822 intellectualia
758 3771 897 3832 naturae
917 3751 1078 3840 quaedam
1098 3750 1207 3814 dtur-t

84 3857 134 3902 naa
162 3836 420 3928 apparitionea,
452 3839 491 3904 id
519 3839 580 3915 est,
613 3837 815 3927 principalia
836 3837 1001 3925 exempla,
1033 3831 1185 3922 quiaquia
1231 3851 1237 3868 t

86 3919 221 4002 dixerit,
235 3943 333 4000 uon,
353 3938 393 3988 ut
413 3922 572 3999 arbitror,
595 3943 614 3986 a
633 3921 776 3988 veritate
797 3919 929 3988 errabit.
1010 3939 1070 3984 uaa
1091 3919 1186 3980 theo·

85 4005 214 4087 phanias
245 4005 289 4073 in
317 4007 478 4094 angelica
505 4019 657 4087 creatura
685 4008 848 4072 Sanctum
871 4009 967 4090 Augu
1000 4006 1087 4066 inum
1106 4011 1186 4064 ante

87 4089 231 4160 omniurn
253 4090 513 4180 generationem
531 4088 733 4157 inferiorum
752 4087 787 4154 se
805 4087 892 4155 vito
910 4108 983 4154 non
997 4083 1186 4170 incongrua

90 4171 192 4243 dinuo
210 4174 399 4254 credimur.
437 4175 518 4244 Noa
539 4191 619 4264 ergo
638 4193 704 4244 noa
723 4187 880 4252 motat,
901 4169 995 4262 quod
1011 4160 1185 4254 dixitquia
