2856 4978
396 166 406 192 '
455 203 745 289 essersene
802 216 819 230 ··
1081 211 1161 286 aas
1217 217 1222 222 ·
1273 219 1277 258 2

58 423 177 490 resque
197 401 235 468 br
251 421 396 491 corpore
415 403 494 480 suo,
516 402 624 480 intr'a,
645 403 705 470 seu
725 414 837 478 extre,
858 400 966 488 potest
985 401 1158 500 perageres
1241 396 1244 400 ’

57 485 223 585 Siquidem
248 487 342 552 ultra
373 507 553 575 corporeos
575 487 688 554 lenius
709 501 744 551 et
761 483 984 552 ratiocinatur
1005 499 1039 549 et
1058 486 1157 550 intel·

55 570 148 670 ligrt,
172 585 214 638 ot
241 569 394 658 angelica
423 572 514 646 vita3
546 570 583 636 in
612 571 758 636 senfibus
787 567 958 656 corporeis
985 566 1158 635 sentiendi

56 677 121 718 nm
146 669 295 731 exercet,
327 653 548 721 fimilitudine
567 651 870 728 irrationabilium,
901 653 994 716 luam
1013 651 1158 717 rationa-

56 736 217 802 bilituem
235 760 307 803 non
332 737 503 814 delerens3
526 738 652 816 nouit,
675 754 709 802 et
731 752 831 836 anget
847 756 969 823 corpus
988 736 1096 812 fnum,
1119 753 1159 825 ot

54 819 106 884 ille
126 843 211 919 qnae
231 822 329 885 senlu
352 841 462 899 caret,
496 825 681 910 herbasque
703 844 741 888 ac
761 825 854 908 lrgna
875 835 1050 905 penetrat;
1085 820 1160 884 ubi·
1215 829 1235 894 ι

55 925 115 990 que
133 925 170 969 sn
193 905 227 968 ie
247 905 318 995 ipsa
339 922 429 982 tora,
453 921 487 970 et
507 905 544 971 in
568 907 725 972 omnibus
741 921 830 979 tota,
853 918 945 969 totos
957 903 1073 968 lenius
1082 903 1160 969 suos

55 985 201 1052 custodit.
245 992 283 1052 ln
314 989 434 1055 offibus
466 1013 564 1078 ergo,
598 1007 631 1054 et
652 989 862 1076 unguibus„
883 1003 918 1050 et
937 987 1067 1074 capillis
1088 987 1160 1079 yim

55 1069 242 1157 germinalis
262 1071 354 1138 vitae
374 1074 501 1162 aperit;
523 1095 609 1160 quae
628 1090 741 1161 partes
762 1069 864 1138 nostri
885 1071 1055 1158 corporis,
1079 1092 1159 1156 quo*-
1221 1099 1226 1111 ¹

55 1153 140 1218 niam
161 1155 229 1218 seri
251 1156 387 1243 perviae
407 1181 480 1223 non
501 1158 600 1232 sunt,
634 1159 767 1222 nullum
789 1155 920 1220 tensum
942 1153 1159 1242 participant.
1226 1161 1231 1169 '

55 1239 90 1301 ln
110 1236 386 1325 quinquepertito
408 1242 564 1306 sensuum
585 1241 805 1306 instrumento
827 1236 1050 1304 irrationabili
1069 1239 1161 1306 vitae

55 1321 297 1400 communicat,
329 1337 414 1422 quae
445 1323 642 1390 animalium
661 1325 795 1390 ratione
816 1321 1003 1388 carentium
1025 1323 1162 1411 propria

21 1430 27 1438 ’
56 1403 195 1470 subsistit.
240 1410 279 1470 ln
309 1410 362 1472 lus
387 1409 545 1473 omnibus
565 1431 626 1494 per
646 1407 712 1472 lei
739 1408 804 1471 iarn
827 1405 982 1492 quamvis
1002 1408 1099 1494 saepe
1120 1405 1162 1473 ir·

56 1485 296 1554 rationabiliter
322 1508 518 1568 moveatur,
551 1491 683 1556 ratione
712 1432 771 1554 lua
799 1511 910 1554 carere
936 1507 1057 1555 natura
1088 1513 1160 1556 non

56 1570 135 1636 [init.
181 1574 295 1638 Omne
323 1591 438 1639 autem
492 1576 561 1640 uod
581 1577 705 1661 potest,
740 1591 873 1672 praeter
893 1577 952 1638 bas
973 1573 1161 1661 praedictas
1218 1631 1222 1652 ,

1 1734 2 1737 ¹
57 1653 188 1720 virtutes
209 1655 409 1723 vivificandi
431 1599 559 1724 scilicet
575 1659 837 1744 nutriendique,
862 1678 901 1722 ac
919 1657 1087 1724 sentiendi
1101 1679 1163 1746 per
1261 1723 1262 1731 χ

56 1735 178 1815 lenius,
200 1739 271 1803 five
296 1757 389 1828 agat,
412 1743 478 1806 live
499 1742 665 1829 patiatur,
683 1758 780 1812 ,extra
801 1761 924 1826 corpus
945 1744 1041 1806 suum
1065 1763 1163 1841 agere
1187 1807 1191 1815 ,

58 1822 104 1884 vel
124 1821 193 1908 pati
215 1837 309 1887 recta
328 1825 461 1889 ratione
483 1825 710 1912 cognoscitur.
746 1823 807 1888 His
829 1823 944 1910 itaque
966 1829 1009 1891 de
1031 1825 1163 1891 divsfio·

57 1901 148 1968 nibus
180 1909 292 1994 deque
323 1907 522 1972 differentiis
545 1906 807 1996 generaliffimee
826 1907 933 1984 vitae,
966 1909 1163 1996 praecogni-

60 1984 114 2062 tis,
136 1991 178 2052 ed
198 1987 393 2087 praedictae
414 1992 614 2078 quaestionis
634 1992 892 2066 reserationem,
922 2007 1087 2079 quan-tuns
1110 1995 1165 2057 da·

60 2083 105 2132 tur
130 2077 231 2137 nobis
267 2073 429 2161 intelligi,
459 2078 652 2142 redeamus:
684 2075 970 2163 quoniamipfius
992 2077 1165 2142 occasione

61 2153 134 2218 baec
154 2159 195 2220 de
244 2157 369 2222 enerali
392 2157 521 2232 anima,
545 2161 602 2222 [eu
622 2159 693 2242 vita
712 2159 908 2245 interposita
928 2159 1015 2223 funt.

110 2247 160 2317 4⁰·
181 2181 242 2303 Ei
261 2241 353 2306 enim
375 2243 557 2327 qnaefitum
581 2265 684 2329 quare
703 2241 739 2306 in
763 2241 923 2328 operibus
938 2259 1084 2328 quatuor
1096 2243 1163 2329 pri·

62 2321 269 2387 mordialium
291 2325 441 2400 dierum,
472 2326 599 2390 nullius
621 2327 711 2390 vitae
732 2327 789 2388 seu
809 2326 941 2390 animae
962 2348 1164 2392 commemo·

60 2403 245 2476 ratiofacta
266 2407 316 2472 lit.
360 2408 491 2494 Quinto
519 2425 631 2474 autem
654 2409 709 2473 die
730 2407 840 2473 subito
864 2421 1044 2495 erumpens
1066 2410 1165 2500 scrip·
1186 2417 1189 2424 '

61 2498 141 2563 tura,
172 2491 379 2573 producant,
410 2491 541 2578 inquit,
571 2515 676 2578 aquae
704 2491 824 2574 reptile
851 2497 982 2556 animae
1001 2499 1167 2561 aventis:

61 2591 116 2634 nec
134 2572 330 2661 limpliciter
353 2575 439 2639 dixit
460 2579 580 2658 reptile
598 2581 746 2652 animae,
780 2576 836 2638 led
857 2597 936 2640 cum
958 2577 1166 2646 additamen·
1245 2647 1251 2654 .

62 2665 91 2715 to
108 2660 272 2732 viventis,
296 2661 385 2744 quali
408 2659 519 2723 anima
541 2682 611 2725 non
635 2661 673 2724 fit
692 2659 822 2722 vivens.
865 2661 910 2720 Et
933 2659 976 2722 est
997 2662 1104 2736 caula,
1126 2677 1167 2726 ut

61 2736 189 2820 opinor,
212 2741 344 2828 species
366 2741 443 2818 illa,
489 2763 565 2807 uam
587 2744 623 2807 in
649 2741 868 2808 divifionibus
890 2742 1054 2827 generalis
1074 2739 1166 2808 vitae

62 2821 206 2889 extimam
231 2825 417 2911 posuimus.
459 2765 504 2890 lit
525 2827 664 2900 merito,
697 2824 858 2926 quoniam
880 2824 992 2903 omnis
1013 2825 1167 2890 intellec·

61 2917 109 2967 tus
137 2923 170 2971 et
196 2907 342 2974 rationis
367 2929 483 2996 expers
511 2911 573 2974 elle
595 2911 709 2974 subtili
731 2925 926 2988 naturarum
946 2906 1166 2996 indagatione
1237 2927 1244 2932 ·
1274 2963 1276 2970 ,

59 2990 231 3073 reperitur:
265 3013 304 3056 ac
335 2993 443 3056 veluti
474 2995 566 3057 nulla
595 2994 684 3068 vita,
721 2994 780 3057 seu
800 2991 931 3067 anima,
967 2993 1026 3056 seu
1046 2993 1166 3058 vivens

62 3069 162 3138 anima
181 3077 245 3150 fit,
267 3076 380 3140 siletur
401 3098 419 3140 a
440 3077 613 3178 scriptura,
637 3091 676 3140 ut
697 3073 925 3162 intelligamus
948 3097 1021 3140 eam
1032 3075 1166 3142 noviffi-
1241 3155 1243 3160 ,

60 3175 143 3220 mam
170 3176 204 3224 et
225 3159 546 3246 imperfectiffirnam
568 3157 782 3224 effentialiter
803 3175 932 3224 creatae
953 3161 1046 3226 vitae
1065 3161 1169 3249 parti·
1300 3233 1302 3238 ,

62 3235 270 3322 cipationent.
315 3249 361 3308 Ac
389 3267 450 3330 per
474 3248 543 3309 boc
575 3247 650 3331 plus
672 3244 763 3308 inter
784 3245 973 3342 corporales
995 3265 1167 3321 numeros,
1309 3245 1314 3284 ¹

63 3341 153 3416 quam
174 3325 406 3394 inter·vitales
428 3331 762 3404 connumerandum,
790 3327 906 3394 divrna
924 3329 1033 3394 lbnxit
1054 3344 1167 3394 aucto·
1192 3373 1201 3391 ,

59 3419 144 3471 ntae.
186 3415 294 3476 Recte
314 3409 420 3497 igitur
441 3399 486 3474 in'
502 3411 661 3496 operibus
684 3427 828 3498 quatuor
851 3412 1018 3489 dierum,¹
1035 3412 1073 3476 in
1096 3411 1170 3498 qui·

62 3486 118 3551 bus
137 3494 266 3592 species
290 3493 482 3558 coelestium
505 3495 771 3584 terrestriumque
793 3495 1004 3570 essentiarum
1030 3515 1071 3558 ex
1091 3516 1168 3559 cau·
1222 3527 1229 3545 x

63 3569 96 3634 fit
115 3577 390 3658 primordialibus
411 3580 647 3664 producuntur
669 3577 706 3643 in
727 3596 902 3664 apertum,
936 3594 972 3642 et
990 3577 1168 3664 perfectio·
1231 3655 1235 3662 1

62 3675 134 3720 uem
154 3662 232 3726 luae
255 3661 466 3726 fonbationis
489 3660 678 3747 accipiunt;
701 3664 801 3741 buius
823 3661 935 3726 vitalis
949 3677 1063 3726 motus
1076 3661 1169 3724 nulla

63 3735 252 3824 significatio
276 3745 471 3844 interposita
492 3745 553 3828 est3
576 3767 655 3809 narn
678 3761 712 3808 et
733 3745 771 3808 in
792 3744 892 3809 tertia
914 3743 970 3810 die
986 3743 1109 3820 filetur,
1131 3743 1169 3809 in

65 3841 124 3905 qua
148 3831 330 3895 herbarum
350 3832 590 3916 lignorumque
611 3827 812 3916 germinatio
829 3829 877 3893 ‘de
898 3844 985 3893 terra
1001 3827 1173 3916 praecipi:
1202 3885 1204 3888 .

65 3916 135 3987 t¹¹13
165 3913 204 3977 in
235 3911 358 3999 quibus
389 3910 683 4000 administrationis
717 3912 794 3976 luae
814 3910 983 3983 virtutem
1000 3910 1169 4014 corporeis

65 3985 203 4061 sufibus
232 3996 429 4063 manifestat.
473 3999 552 4062 Non
586 3997 679 4084 quod
700 3993 771 4082 ipsa
790 3995 917 4098 species
937 3997 1028 4063 vitae
1051 4019 1090 4063 sn
1111 4017 1189 4084 na·¹

67 4081 135 4140 Νη
164 4101 277 4146 rerum
302 4079 603 4170 proportionaliter
634 4079 825 4164 lubfistendr
852 4084 967 4148 locum
989 4101 1062 4148 non
1083 4075 1169 4148 obti·
1252 4127 1256 4136 .

67 4172 157 4230 nette
176 4185 248 4234 non
270 4165 363 4234 enim
382 4164 661 4256 parvipendenda
682 4163 726 4230 est
744 4161 798 4231 vis
811 4163 869 4234 illa
883 4165 1061 4243 naturalis,
1082 4181 1169 4252 quae
