2958 4978
276 229 371 286 xxiv
578 275 582 281 .
719 309 730 330 p
1077 219 1240 324 Ἰ..

1466 301 1468 370 l

278 385 413 454 sublimi
442 386 674 455 admirationit
699 385 890 472 amoriaqne
911 383 1149 452 intellectualia
1169 381 1297 469 gaudio
1313 402 1387 448 rer·

278 471 378 536 satur.
403 467 446 548 ⁸⁹)
478 469 599 560 'Quam
630 473 672 537 ob
686 519 691 530 ,
705 471 836 536 eausam
865 467 950 532 nibil
980 471 1020 533 ab
1049 489 1090 533 eo
1110 465 1218 553 magia
1239 464 1387 530 alienum

278 553 365 627 suit.
400 575 499 641 qoam
533 553 725 622 Dualirmue
746 554 803 618 iste
826 551 922 617 tristia
943 551 1025 616 etri
1051 573 1089 616 or
1109 548 1385 614 Manichaeorum

213 697 216 706 ,
279 639 453 705 obscurat.
498 641 675 706 Caeterum
704 637 825 716 etiam,
860 635 934 723 quia
955 657 1041 722 nega
1066 634 1093 698 it
1113 633 1150 699 in
1173 632 1388 720 depingenda
1468 689 1469 716 p

238 793 240 800 y
277 741 391 786 rerum
419 722 633 788 universitate
655 721 844 786 albedinem
868 735 902 784 et
922 717 1134 806 nigredinem
1157 719 1282 803 abeque
1302 716 1389 780 reri·
1468 717 1469 802 l

277 803 357 869 tatia
387 801 614 872 diminutione
646 805 737 870 varia
769 820 869 891 atque
900 803 1028 868 diversa
1052 801 1194 898 ratione·
1213 798 1386 898 componi,
1468 803 1469 870 l

276 885 411 952 misceri
434 903 468 953 et
489 891 680 954 alterutram
704 890 894 975 praevalere
918 887 1027 973 posse,
1057 901 1161 972 prout
1183 905 1220 947 m
1239 884 1388 970 philoso·
1468 887 1469 966 l

276 973 347 1056 pho
367 972 544 1038 veleimor
564 988 664 1072 atque
684 973 754 1046 lert,
778 973 831 1036 vel
854 969 1009 1045 dileetio,
1035 975 1125 1117 ‘puae
1149 966 1192 1031 esi
1213 966 1297 1065 legia
1318 967 1388 1052 ple'·
1468 1059 1469 1064 γ

229 1068 253 1106 ν
276 1052 399 1120 nitudo
423 1071 456 1119 et
475 1056 658 1142 sapientiae
679 1055 861 1141 perfectio,
886 1055 999 1120 locum
1022 1074 1042 1118 o
1069 1052 1175 1118 tineat
1220 1065 1385 1124 otrorem;

275 1152 380 1221 prout
408 1140 463 1203 vel
497 1142 596 1204 dolor·
625 1139 757 1225 petenti
780 1156 814 1204 et
835 1123 965 1204 trisstia
984 1141 1123 1223 p'ropter
1144 1071 1241 1282 ηοξμ
1264 1135 1305 1197 ab
1326 1135 1388 1197 bo·

275 1217 370 1284 mine
393 1223 619 1298 commissum,
641 1225 694 1286 vel
717 1223 877 1308 gaudium
898 1218 1118 1286 redemtionis
1141 1233 1175 1282 et
1219 1231 1293 1282 eata
1308 1235 1389 1281 con·

275 1300 416 1369 scientia
438 1305 598 1391 praeclari
622 1321 656 1368 et
676 1307 856 1382 adorandi,
887 1307 979 1392 quod
1000 1307 1204 1373 Deuehomo,
1217 1315 1390 1388 perpetra·

275 1385 345 1467 ait,
381 1409 401 1452 o
429 1389 492 1453 eria
526 1388 563 1452 in
599 1393 670 1472 eitra
700 1405 815 1454 mente
834 1387 1105 1476 praeponderet?
1140 1388 1184 1449 At
1205 1380 1389 1471 quaeritur,

275 1490 360 1532 num
419 1469 535 1557 rig'ena
564 1473 605 1536 de
636 1487 713 1536 ortu
742 1471 843 1548 mali,
880 1495 979 1558 quem
1009 1486 1100 1535 recte
1122 1489 1234 1554 neque
1255 1467 1292 1532 in
1314 1471 1389 1530 Deo

275 1573 320 1615 ne
344 1573 386 1616 ue
415 1551 452 1618 in
483 1556 551 1618 ulla
577 1553 759 1642 principali
790 1559 932 1642 quadam
963 1556 1059 1619 caula
1080 1554 1166 1618 mala
1189 1553 1229 1615 ab
1252 1565 1389 1615 aeterno
1469 1590 1470 1658 l

248 1661 252 1670 ·
274 1633 327 1698 exi
356 1635 443 1712 enti,
473 1659 586 1724 neque
607 1638 643 1702 in
666 1655 852 1713 creatura„
870 1661 937 1723 que
957 1659 1058 1724 opere
1080 1635 1165 1709 Dei,
1188 1655 1253 1699 nec
1275 1632 1389 1698 conse·
1447 1649 1470 1718 'p

275 1731 419 1802 quanter
439 1719 476 1783 in
499 1720 649 1786 hominia
670 1725 724 1784 vel
748 1721 858 1808 angeli
878 1724 1054 1786 voluntate
1075 1741 1141 1820 qua
1157 1716 1322 1782 diviniter
1335 1719 1389 1780 dn·
1469 1727 1470 1764 ἲ

274 1815 326 1874 ta,
363 1799 477 1866 sedin
500 1803 776 1880 illicitotentnm
799 1810 899 1885 hejuo
921 1807 1107 1869 voluntarie
1129 1815 1227 1866 motu
1250 1805 1390 1886 ejueque
1469 1799 1470 1876 l

274 1881 399 1978 abusu,
432 1885 573 1972 sequena
595 1889 628 1951 S.
650 1889 894 1974 Augustinum,
923 1884 1110 1974 ponit,·l⁰)
1142 1903 1318 1980 perperam
1340 1887 1391 1962 ju·
1469 1883 1470 1952 l

274 1965 456 2042 dreaverit,
493 1968 638 2056 ideoque
673 1972 754 2036 mali
776 1971 1063 2037 abominationem
1085 1983 1120 2032 et
1141 1966 1390 2052 turpitudinem

273 2045 466 2133 negaverit,.
481 2068 581 2139 atque
602 2053 708 2117 sancti
732 2055 798 2120 Dei
817 2057 909 2139 leger
931 2070 965 2117 et
985 2051 1215 2117 institutionee
1235 2050 1391 2114 adversae
1469 2055 1470 2104 Ὗ

258 2129 364 2195 -idem
387 2133 529 2198 sancitae
551 2151 585 2199 et
608 2137 777 2202 ordinatae
799 2131 985 2224 neglexerit
1007 2149 1041 2200 et
1055 2133 1305 2220 contempserit.
1329 2137 1390 2196 Ve-

272 2235 348 2278 rum
370 2217 548 2304 sr'eloquia
571 2224 642 2298 ejus
663 2224 727 2286 bac
749 2224 791 2285 de
812 2243 849 2284 re
870 2219 1017 2284 breviter
1039 2239 1077 2283 ac
1099 2217 1289 2282 summatim
1311 2235 1392 2281 con·

274 2296 397 2384 cipiaa,
429 2301 628 2368 sententiam
658 2303 805 2390 reperiet
838 2323 915 2368 cum
939 2303 1092 2366 doctrina
1116 2301 1266 2382 Dionysii
1289 2304 1389 2364 Areo·

130 2399 170 2446 t„
271 2380 405 2478 pagitae
427 2399 461 2447 et
482 2386 515 2449 S.
537 2387 713 2488 Augustini
734 2409 843 2474 paene
857 2385 998 2451 omnino
1012 2405 1207 2470 congruam.
1243 2384 1390 2470 Erigena

273 2485 366 2528 enim
386 2464 424 2530 in
445 2469 508 2532 hac
528 2491 689 2556 regione,
719 2470 757 2535 in
780 2489 879 2556 quam
900 2473 1003 2534 bomo
1025 2467 1287 2555 praevaricando
1321 2467 1389 2541 (de-

273 2548 407 2632 pulsat,
443 2565 482 2613 ut
504 2553 795 2638 Angustinntait,
820 2574 839 2617 a
861 2552 961 2617 bonit
983 2573 1054 2616 non
1080 2555 1121 2615 acl
1144 2553 1247 2624 mala.
1270 2568 1390 2616 verum

273 2631 316 2692 ad
337 2631 450 2696 minua
471 2635 560 2698 bona
583 2651 617 2700 et
637 2659 656 2700 e
676 2637 776 2702 bonie
795 2636 959 2722 malisque
980 2635 1097 2712 mixta)
1129 2637 1171 2698 de
1193 2636 1269 2714 sede
1292 2635 1390 2696 Para·

273 2711 332 2780 disi
354 2713 494 2792 cecidit,
518 2719 588 2804 ipsa
611 2721 712 2784 etiam
733 2719 836 2793 vitia,
859 2739 944 2805 quae
966 2722 1039 2783 Deo
1084 2715 1216 2781 namvia
1237 2735 1309 2781 non
1331 2737 1394 2780 vo·
1470 2749 1471 2782 ÷

272 2795 366 2860 lente
382 2813 494 2864 tamen
515 2802 751 2887 permittente,
770 2807 952 2867 humanam
964 2742 1127 2866 'natuiitm
1150 2800 1391 2898 mquendesor·
1470 2801 1471 2822 ¹

270 2895 383 2958 mant,
417 2903 488 2948 non
522 2886 658 2971 quidem
679 2887 716 2950 in
739 2886 904 2960 hominia,
941 2901 1054 2950 tamen
1077 2885 1115 2950 in
1138 2899 1298 2948 creatone
1318 2884 1389 2947 lau·

272 2963 356 3028 dem
378 2969 628 3052 quodammodo
662 2974 822 3035 vertenda
849 2971 994 3058 putavit.
1024 2969 1071 3044 l¹)
1124 2970 1265 3033 Nullum
1296 2967 1392 3030 enim

270 3045 395 3143 vitium
417 3049 551 3115 exiliere
571 3068 741 3129 autumat,
756 3057 855 3152 ‚qnod
875 3070 946 3117 non
967 3055 1085 3117 umbra
1108 3053 1147 3116 fit
1162 3051 1304 3130 alicuine
1325 3049 1394 3112 vir-

271 3141 374 3204 turra.
410 3146 451 3196 ut
482 3133 558 3210 „ira
580 3136 817 3214 correctionis,
840 3133 971 3200 luxuria
994 3135 1247 3223 qnietie’',etc.,
1269 3133 1325 3199 rel
1347 3151 1390 3198 et

187 3397 191 3422 t
446 3389 453 3402 '
881 3397 895 3418 n

305 3384 411 3509 ἓξὲξ
431 3387 482 3512 iiii.
499 3389 544 3510 iil
555 3391 992 3532 Pffiussooffizssffiunflffae
1008 3465 1038 3516 in
1055 3471 1150 3516 natura
1168 3477 1255 3514 retum
1264 3459 1393 3514 rubtlan-

341 3523 445 3580 ttalrter
456 3528 620 3595 reveritum
648 3549 737 3602 neque
755 3549 788 3586 ex
806 3543 878 3586 certa
897 3550 974 3584 cauae
992 3541 1021 3584 et
1039 3531 1154 3583 naturali
1172 3528 1313 3600 procedit;
1340 3546 1391 3599 per

278 3643 282 3654 ,
338 3609 366 3643 ee
391 3593 464 3645 enim
491 3597 689 3652 conaiderolum
721 3605 832 3656 omnino
851 3601 922 3656 nihil
943 3609 984 3668 ert
1002 3608 1108 3672 praeter
1125 3597 1342 3650 irrationabilem
1360 3605 1392 3650 et

340 3677 492 3745 perventum
519 3667 761 3742 imperfectumque
785 3671 958 3725 rationabilia
988 3677 1100 3724 naturae
1127 3675 1248 3746 motum:
1285 3667 1390 3719 nnllam

338 3731 467 3814 aliamtn
485 3736 606 3788 universa
625 3748 744 3822 ereatura
762 3741 852 3824 aedem
870 3741 988 3816 repetit,
1005 3739 1058 3792 niti
1074 3736 1122 3789 ubi
1135 3737 1236 3830 salrilnu
1248 3734 1391 3857 ἓουίἀεζς

338 3807 864 3938 llll*etl-'lilmlltl'lztlt‘tt
878 3817 1256 3942 ilcifflii‘iiba
1276 3811 1391 3938 ‘aiiii

339 3909 512 3993 conterit’lena
530 3945 668 4014 perditur''
685 3955 740 4003 etc.
766 3919 795 4002 ei
813 3947 861 4000 lib.
879 3947 911 3998 V.
929 3963 956 4018 p.
975 3945 1037 4005 544.
1065 3946 1098 3997 ei.
1118 3947 1202 3998 etiarn
1219 3911 1390 3998 deierando

339 4005 533 4068 „Chriatlirbea
552 4014 588 4065 im
607 4016 712 4066 Plato.''
730 4033 754 4088 p.
775 4017 834 4074 181

303 4063 350 4140 ῃ)
376 4073 415 4156 ci
445 4077 493 4129 lib·
519 4081 549 4132 V·
577 4101 604 4152 Ρ·
629 4085 688 4144 523-
725 4085 779 4149 „lit
798 4085 850 4140 hoc
868 4093 909 4140 eat
926 4085 1040 4140 natur?
1057 4089 1110 4141 elo.
1146 4081 1181 4135 Et
1198 4079 1266 4135 ibid.
1283 4077 1388 4152 p..

338 4143 439 4208 „llum
458 4149 546 4206 enim”
563 4159 615 4209 etc.
