2930 4982
1059 163 1064 185 ι
1137 145 1145 178 l
1224 151 1233 180 s

426 295 434 310 ·
458 259 586 363 ¹luber
608 261 770 348 θιιὶιιᾶω.
1093 267 1194 340 469.

21 421 26 442 i
67 469 153 526 nam,
174 445 229 511 vel
246 461 286 512 ut
302 445 350 512 ait
364 421 612 523 Petruifnovct
628 451 735 515 coelos
751 461 789 514 et
799 470 918 516 mom
929 463 1050 514 terram
1058 473 1072 528 ,⁸
1091 453 1176 517 Bea-

68 549 135 598 tum
168 530 369 617 Gregorium
391 525 661 598 'Nazimzennm
694 536 809 598 theolo
835 555 891 597 um
924 533 1099 619 sequentes
1131 539 1175 600 de

67 611 298 682 reslauratione
326 618 494 681 humanae
522 631 678 682 naturae.
692 616 729 680 in
750 615 802 703 pri
832 615 925 681 'num
948 617 1084 693 statum,
1120 613 1179 682 de·'
1246 622 1254 631 '

66 713 131 787 que
160 701 232 778 ejus
265 697 302 763 in
334 699 506 787 antiquam
535 698 735 786 dignitatem
756 699 888 775 reditu,
920 703 1116 786 nonlonge
1135 715 1176 764 ut
1291 760 1294 767 .

66 782 162 846 rideo
185 801 204 843 a
224 781 368 846 veritate
389 783 512 849 remoti
532 782 766 870 intelligimus.
796 787 837 848 D.
855 787 907 846 De
923 783 1065 847 interitu
1078 805 1175 848 mun·

27 929 31 938 ,
65 865 122 936 di.
143 863 213 928 imo
236 864 337 929 etiam
360 860 598 952 ipfius·reditu
620 866 657 930 in
680 882 831 932 aeternas
854 868 966 932 causas
989 866 1174 951 exquibus

65 949 264 1032 defluxerat,
296 948 373 1016 satis
396 950 441 1015 est
462 949 688 1050 disputaturus
726 951 784 1016 sed
805 970 872 1038 qno
894 949 963 1014 sine
984 949 1177 1024 terminabi-

41 1047 132 1106 .tur,·
154 1031 303 1117 apertius
326 1033 442 1100 audire
463 1035 578 1099 velim.
779 1065 783 1074 ¹
1013 1071 1021 1083 ·

127 1131 177 1179 ro.
204 1113 383 1182 M.'Miror
403 1137 507 1205 quare
526 1121 594 1183 boc
614 1116 818 1265 {mentiret
842 1119 925 1183 dum
946 1131 984 1180 tu
1005 1115 1077 1204 ipse
1097 1137 1178 1204 pan·
1247 1112 1250 1122 ’

63 1199 95 1264 lo
119 1195 267 1283 superine
291 1197 532 1266 incunctanter
553 1199 724 1266 delinieris
1154 1198 1162 1216 '

770 1221 849 1266 nem
871 1200 1013 1275 mundi,
1037 1199 1110 1264 suas
1127 1216 1193 1262 vr··
1263 1244 1269 1256 .

64 1281 192 1347 delicet*
213 1296 364 1350 aeternas
394 1285 527 1358 causas,
555 1283 593 1349 in
622 1287 727 1349 verbo
750 1284 816 1353 Dei
838 1283 1051 1349 aeternaliter
1072 1300 1106 1347 et
1126 1281 1182 1347 in«
1305 1309 1314 1318 ,

61 1365 344 1446 commutabiliter
382 1368 609 1432 subfislentesr
641 1365 732 1432 etin
755 1366 983 1454 superioribus
1004 1367 1178 1432 internos

61 1449 254 1514 consectum
285 1449 349 1526 est,
382 1450 422 1514 in'
451 1451 611 1516 omnibus
640 1471 726 1538 quac
754 1451 792 1516 in
826 1451 910 1514 statu
941 1451 995 1516 vel
1022 1449 1059 1514 in
1081 1465 1179 1515 motu

60 1532 233 1608 sunt„rel
256 1547 364 1607 certe,
385 1549 426 1598 ut
446 1533 493 1599 ita
517 1533 645 1607 dicam.
669 1534 706 1598 in
730 1532 851 1599 mobili
872 1534 955 1598 usta
978 1532 1064 1598 etin
1080 1547 1178 1600 motu

58 1611 182 1691 stabili,
208 1635 278 1678 non
303 1615 396 1684 aliud
418 1618 481 1681 esse
491 1617 723 1718 principium,
746 1617 839 1682 aliud
855 1617 978 1694 finem,
1001 1619 1179 1682 sedunum
1209 1647 1216 1664 ι

61 1713 96 1762 et
126 1695 312 1782 idipsum.
356 1700 392 1765 Si
424 1721 504 1787 ergo
534 1699 857 1790 principia·muudi
886 1701 965 1764 sunt
994 1701 1111 1765 causae
1138 1721 1179 1764 ex
1305 1709 1310 1719 “

63 1779 186 1868 quihus
208 1797 302 1846 ortus
328 1783 394 1848 ests
418 1802 536 1848 nonne
556 1785 641 1850 sines
664 1788 832 1870 ejusdem,
857 1787 994 1849 eaedem
1011 1781 1178 1851 causacio

62 1885 143 1952 quas
163 1865 381 1931 reversurae?
403 1869 482 1932 Non
504 1867 595 1933 enirn
618 1867 656 1931 in
678 1865 824 1934 nihilum
846 1867 1036 1954 redigetur,
1063 1866 1178 1931 sedin

60 1947 163 2013 causis
200 1947 267 2013 suis
305 1967 403 2016 motu
440 1951 502 2016 suo
529 1951 630 2052 finito
658 1949 903 2051 perpetualiter
932 1949 1114 2022 salvabitur
1144 1964 1180 2014 et
1224 1947 1226 1952 ’
1295 1992 1302 2004 „

61 2031 222 2118 quiescet.
254 2035 297 2095 At
312 2033 341 2110 ‚ss
362 2036 504 2100 verbum
525 2029 635 2099 P'atns
655 2057 692 2099 ru
716 2055 783 2122 quo
802 2049 836 2098 et
852 2035 931 2098 sunt
950 2048 984 2098 et
999 2034 1086 2099 facta
1102 2032 1180 2097 suut

61 2113 196 2189 omnia,
230 2116 328 2180 ca'usa
359 2117 514 2182 omnium
545 2119 718 2184 causarum
744 2119 788 2182 est
808 2115 990 2182 visibilium
1012 2115 1180 2181 et'invisr·

60 2197 207 2263 billum:
230 2199 389 2286 nunquid
410 2201 481 2287 ipsa
503 2201 675 2268 censarum
699 2201 795 2266 causa
817 2200 898 2266 sinis
917 2201 962 2265 ess
983 2200 1120 2278 muudi,
1142 2199 1180 2264 in

61 2305 162 2370 quam
198 2283 325 2346 desinet
353 2288 489 2370 quando
525 2282 639 2350 omnia
663 2284 805 2370 quaein
826 2301 925 2349 motu
945 2285 1040 2360 sunt,
1077 2283 1113 2348 in
1138 2302 1180 2348 eo

60 2369 153 2463 quod
184 2379 367 2451 appetunt,
399 2367 435 2430 in
466 2367 539 2454 ipso
569 2368 732 2440 videlicet
765 2365 830 2430 Dei
861 2369 964 2432 verbo
994 2383 1108 2432 motus
1130 2363 1181 2430 sui

61 2453 165 2514 linem
187 2448 411 2525 constituent,
446 2453 533 2514 ultra
558 2471 658 2536 quem
680 2451 783 2544 sineru
806 2452 920 2514 nullus
940 2450 1068 2514 nullius
1091 2467 1180 2515 crea·

63 2549 158 2596 turae
188 2553 204 2594 a
231 2533 357 2619 petitus
387 2531 571 2597 eritt'nou
603 2532 695 2596 enim
731 2535 833 2596 habet
854 2533 996 2597 ulterius
1017 2555 1086 2620 quo
1109 2547 1181 2596 ten·

64 2619 138 2690 dat,
170 2555 229 2678 vei
256 2615 339 2706 quid
359 2614 478 2702 petat?
510 2615 713 2680 Universalis
735 2614 862 2702 quippe
885 2615 990 2680 totius
1012 2629 1183 2681 creaturae

62 2699 140 2762 finis
170 2697 235 2761 Dei
267 2700 409 2764 uerbum
432 2699 485 2762 cll.
527 2697 740 2786 Principium
763 2697 880 2796 itaque
903 2713 937 2762 et
959 2697 1037 2762 sinis
1059 2696 1181 2762 mundi

61 2782 99 2845 in
134 2785 240 2846 Verbo
271 2781 337 2845 Dei
368 2779 560 2854 subsistunt.
592 2798 626 2846 et
658 2799 698 2845 ut
724 2796 873 2868 apertrus
906 2780 1034 2858 dicam,
1070 2779 1182 2868 ipsum

61 2867 206 2929 verbum
241 2865 339 2940 sunt,
375 2867 467 2952 quod
489 2867 533 2930 est
553 2865 732 2951 multiplex
753 2863 823 2930 sule
844 2863 913 2929 sine
935 2863 1013 2928 finis
1035 2877 1071 2928 et
1089 2863 1182 2950 prin·

60 2947 210 3034 cipiumt
233 2943 487 3025 ”stPx02,
516 2951 584 3014 boc
619 2948 663 3012 est
685 2949 753 3012 sine
774 2947 947 3035 principio
968 2960 1099 3034 praeter
1121 2948 1183 3011 Pa·

61 3049 160 3095 trem.
194 3030 285 3097 Hinc
308 3032 409 3098 etiarn
430 3036 490 3099 bre
513 3031 578 3097 iter
598 3031 757 3119 colligere
774 3032 963 3118 possumus,
1011 3033 1080 3095 uod
1096 3029 1182 3095 mul·
1254 3040 1259 3048 ’

63 3115 107 3179 tis
129 3114 450 3181 ratiocinationibus
484 3118 607 3180 uadere
628 3136 809 3189 conamur,
833 3137 872 3181 ac
891 3117 934 3180 fic
957 3115 997 3178 de
1025 3113 1116 3197 nire3
1139 3114 1181 3176 ab

62 3194 138 3293 ipso
169 3214 204 3264 et
231 3203 278 3262 od
309 3197 416 3293 sessum
444 3204 573 3276 omnim·
609 3199 653 3263 est
681 3198 772 3264 enirn
794 3198 1001 3286 principium
1025 3214 1059 3262 et
1081 3197 1180 3262 sinist

62 3285 159 3368 quod
182 3283 282 3347 esiam
304 3283 479 3370 Apostolus
501 3280 701 3370 apertissime
722 3285 900 3358 conclusit,
931 3281 1063 3348 dicens:
1099 3285 1186 3384 Quo*

61 3370 154 3429 niam
176 3391 218 3430 em
241 3361 332 3454 ipso,
357 3381 391 3432 et
410 3387 472 3449 per
492 3366 614 3452 ipsum,
637 3369 727 3430 etin
749 3367 899 3470 ipfiuet
920 3368 966 3429 ad
987 3363 1094 3456 ipsum
1105 3389 1181 3436 om·

60 3454 142 3525 nia,·
174 3466 209 3514 et
237 3454 304 3516 hoc
337 3451 439 3514 etiam
466 3467 661 3514 naturarum
693 3471 847 3516 omnrum
868 3471 954 3537 quae
975 3451 1083 3514 sactae
1106 3451 1183 3513 sunt

58 3533 340 3680 qurirrquepartita
364 3533 500 3616 divisio,
522 3535 605 3616 quai
627 3534 668 3596 ab
689 3535 883 3623 qustolica
904 3537 1111 3597 auctoritate
1132 3537 1185 3606 (ut

102 3637 234 3681 axrmus
256 3637 293 3681 ru
316 3616 415 3682 Ambi
464 3617 512 3692 is,
536 3617 701 3682 tricesimo
726 3618 868 3707 septimo
890 3615 1039 3702 capitulo
1060 3614 1185 3694 scribit)
1287 3626 1292 3632 '

58 3703 200 3770 tradita
238 3700 303 3790 est.
340 3701 409 3766 luci
439 3699 541 3766 'ffime
571 3701 734 3765 declarare
771 3701 970 3786 reditusque
997 3698 1120 3761 iterum
1151 3713 1186 3762 et

59 3783 229 3849 adunatio
252 3788 434 3850 earundem
446 3805 506 3872 per
520 3787 654 3848 easdem
667 3783 857 3856 divisiones,
875 3799 909 3846 et
923 3782 1184 3846 convolutiones

61 3859 174 3932 totius
184 3883 355 3933 creaturae
366 3867 403 3934 in
416 3869 535 3942 unuin,
546 3867 754 3953 etpostremo
762 3867 799 3944 in
809 3867 918 3954 ipsum
927 3869 1050 3929 Deum.
1073 3869 1187 3930 Prima

58 3950 230 4038 fiquidem
249 3953 403 4018 omnium
420 3968 617 4017 naturarum
636 3949 756 4016 divisio
771 3952 824 4026 est,
840 3969 925 4037 quae
933 3965 1185 4016 creatamanon

59 4049 283 4122 creataquae
299 4036 343 4102 eli
362 4041 466 4116 Deus,
488 4038 519 4100 se
561 4049 647 4122 egat.
683 4037 835 4101 Securrcla
850 4047 992 4098 creatam
1010 4032 1184 4122 dividitju

58 4115 255 4184 sensibilem
286 4134 319 4183 et
345 4118 529 4206 intelligibr
544 4139 608 4184 eru.
655 4122 768 4184 Tertia
788 4117 973 4183 sensibilem
992 4115 1092 4180 inter
1114 4134 1187 4180 coe-

56 4203 135 4269 lum
155 4201 319 4270 discernit
334 4219 369 4269 et
389 4217 521 4270 terram.
547 4207 680 4302 procrea
689 4205 817 4292 separat
827 4201 1014 4290 paradisum
1027 4216 1061 4264 et
1071 4203 1196 4304 orbernx
