2856 4978
290 217 372 292 aar
499 175 502 182 ¹
567 170 600 237 ⁵
630 155 1079 316 peramoenum

292 423 379 494 quae
400 387 586 480 „lierburum
612 403 889 493 surculorumque
910 401 1054 472 merto
1074 401 1198 492 speclea
1218 417 1252 472 ct
1267 405 1368 484 uutiir,

292 502 466 574 coauget,
489 503 524 553 et
543 485 713 563 vivificat,
735 487 824 554 intra
842 504 954 588 parter
975 492 1141 556 humanae
1158 502 1288 588 naturae
1305 510 1370 554 con-

289 585 497 638 numeratur.
539 573 584 635 itt
634 571 772 636 uoniam
799 591 907 659 prima
935 572 991 637 dic
1019 570 1066 636 in.
1087 571 1278 638 conditione
1301 571 1371 638 lucia

211 737 215 744 ¹
288 653 485 743 principalia
510 676 586 740 para
611 593 765 721 lominir
795 677 834 720 ac
855 653 1082 722 sublimiffima
1102 656 1176 732 lux,
1205 651 1371 720 intellectui

289 738 356 802 via.
380 753 414 802 et
434 734 537 813 ratio,
559 737 595 802 in
617 738 799 804 consortio·
809 739 980 827 angelicae
1000 755 1140 804 naturae
1153 736 1316 804 constituti
1329 739 1370 812 eli,

290 822 456 886 secundae
484 820 570 886 lucia
590 819 700 896 illiue,
724 824 791 887 hoc
813 822 856 888 eil
878 821 1051 888 exterioris
1073 823 1201 898 sensus,
1224 823 1264 887 ad
1282 818 1371 884 risibi-

289 904 373 970 lium
394 925 507 969 rerum
527 903 737 1004 recipiendae
758 907 881 972 formai
904 923 938 972 et
961 907 978 970 s
1000 907 1087 971 cciee
1110 923 1144 971 et
1163 903 1327 992 qualitates
1344 919 1371 970 et

288 985 494 1077 quantitates
526 987 625 1062 sacti,
677 1004 770 1054 natta
802 989 856 1056 die
884 931 1105 1078 propieticae
1132 986 1276 1054 theoriae
1305 989 1373 1050 ordo

287 1069 534 1138 rationabiliter
559 1010 749 1137 introiuxit
775 1071 1019 1140 conditionem.
1069 1071 1222 1138 Exterior
1249 1089 1374 1155 namque

287 1155 400 1220 lenlur
432 1153 634 1220 exteriorum
662 1178 775 1220 reruni
803 1157 1053 1231 internuntiuc,
1090 1153 1240 1242 quamvic
1259 1150 1372 1240 proprie

289 1254 324 1306 ct
345 1238 542 1303 naturaliter
563 1241 605 1304 ad
626 1237 772 1304 animam
791 1241 981 1328 pertineat,
1005 1239 1141 1325 corpori
1157 1254 1269 1302 rameii
1290 1239 1372 1321 depu·

290 1337 398 1398 tatur,
452 1319 592 1400 uoniam
613 1344 674 1409 per
696 1343 736 1388 co
778 1325 846 1391 oria
865 1323 1084 1388 instrumenta
1105 1321 1176 1386 vim
1198 1323 1283 1385 suam
1302 1339 1371 1384 eier-

198 1467 201 1478 ,
288 1421 353 1470 cet.
381 1406 422 1469 Ῥ
461 1425 517 1470 cre
543 1403 658 1492 itaque
686 1406 743 1471 sen
761 1429 800 1472 ue
828 1407 919 1482 illiue
948 1408 1007 1494 qui
1035 1405 1171 1492 corpori
1193 1427 1233 1470 ex
1252 1417 1371 1490 quatuor

287 1487 409 1555 mundi
422 1488 599 1554 elementia
613 1491 797 1578 composito
818 1489 1033 1567 attribuitur,
1056 1487 1285 1554 conditionem
1297 1505 1371 1570 quu-

185 1585 189 1596 '
288 1589 324 1638 to
357 1573 434 1637 loco
465 1571 674 1638 conditionii
704 1595 816 1639 rerum
836 1574 1035 1662 prophetica
1057 1570 1189 1636 theoria
1208 1566 1371 1649 coustituit

287 1655 449 1743 quoniam
477 1674 557 1720 vero
585 1649 686 1744 ipfiua
711 1657 824 1722 [cristae
853 1656 974 1744 triplex
1000 1658 1122 1721 modua
1156 1653 1216 1731 eil,
1253 1669 1371 1740 quorum

230 1756 234 1768 ’
285 1739 415 1888 primur
442 1738 513 1838 qui·
530 1739 599 1804 fine
607 1740 688 1838 ..ulla
710 1739 829 1840 errorir
852 1741 1025 1807 occasione
1045 1737 1173 1825 speciei
1193 1757 1299 1834 rerum
1317 1733 1371 1832 seii·

311 1825 433 1939 bilium
459 1843 573 1887 animo
603 1839 849 1921 internuntiat,
868 1839 950 1928 'tam
974 1817 1148 1971 praeclare
1177 1837 1217 1884 ut
1237 1819 1371 1918 facillime

287 1927 327 1972 ao
355 1907 424 2004 line
443 1905 524 2006 ¹tillo
545 1908 660 1971 labore
681 1909 772 2006 ipsae·
789 1909 914 1993 specree
935 1929 972 1989 ju
997 1929 1036 2006 eir
1058 1923 1192 1970 animur
1212 1899 1372 2003 planillime

287 1987 558 2171 {lixit-¹112?
567 1993 759 2216 {illini
760 1983 1374 2170 3⁶}{t2‘iiutlzmlljlssitffillllli

285 2149 1374 2384 {¹0}st{¹⁰„llllgislllli150230‘3333‘3ll30lff31ll
1412 2305 1413 2316 Ν

284 2320 392 2470 {elul
419 2316 585 2418 luminare
613 2322 887 2422 minua-dicitur
908 2324 982 2421 ille,
1013 2345 1073 2422 per
1094 2345 1196 2409 quem
1217 2322 1249 2386 la
1290 2315 1374 2414 iffiiiic

305 2425 418 2468 nimus
440 2403 585 2481 fallitur,
607 2407 714 2469 veluti
735 2429 771 2470 in
785 2423 962 2471 nocturnis
977 2411 1178 2494 quibuatlam
1193 2408 1251 2470 luc
1292 2417 1372 2466 ratio·

140 2481 143 2488 ¹
174 2517 178 2528 ’
284 2484 387 2552 nibus
415 2486 593 2573 ambiguus
623 2505 724 2575 atqua
746 2493 971 2566 errabundue;
1008 2506 1139 2555 utnon
1162 2481 1371 2554 sacilcdchii

137 2791 140 2798 .
254 2737 396 2802 ‘aversa
423 2737 526 2802 iacies
556 2737 593 2802 in
617 2739 768 2824 speculo,
805 2755 1102 2814 mutuaturum,
1139 2740 1251 2826 imago
1270 2753 1371 2800 vocum

285 2589 372 2656 quae
392 2592 452 2657 per
473 2571 603 2636 sensum
624 2572 746 2658 recipit
766 2590 896 2639 rectum
916 2560 1081 2653 judiciuin
1103 2573 1255 2661 prolerre
1295 2565 1370 2639 allisi

285 2653 481 2734 hujusmodi
516 2656 666 2740 exempla
703 2655 782 2718 sunt
818 2679 929 2722 remue
958 2657 995 2720 in
1014 2677 1107 2754 ’aqua
1140 2656 1245 2743 quati.
1287 2665 1370 2720 actui.
1398 2683 1404 2692 ·

285 2841 372 2907 quae
403 2817 577 2886 a'Graecie
600 2815 679 2919 ἧχὼ
703 2838 865 2897 vocatur,
898 2838 931 2887 et
953 2822 1045 2887 mille
1067 2823 1197 2908 speciei
1217 2821 1371 2886 falsitatum

284 2903 443 2969 omnibur
466 2923 637 2990 corporeis
655 2905 800 2970 sensibus
813 2905 1009 2970 naturaliter
1022 2904 1286 2996 adhaerentium,
1308 2915 1372 2987 quit

254 3057 257 3068 ,
283 2986 474 3052 diecerncre
496 3009 534 3051 eii
555 3009 634 3052 vera
656 2987 764 3086 specie
784 2989 993 3055 rationabilia
1016 2990 1149 3053 animae
1170 2987 1326 3068 judicium
1338 2984 1372 3043 lt·

282 3069 497 3136 boriosiffimc
520 3085 553 3134 et
573 3069 777 3136 solertiffime
799 3074 912 3148 sudat3
935 3076 1018 3140 haec
1040 3071 1132 3136 enim
1148 3093 1219 3137 non
1233 3071 1269 3136 in
1280 3083 1371 3134 rerum

283 3169 421 3227 natura,
445 3153 556 3217 sedin
583 3155 726 3218 sensibus
748 3156 954 3230 formantur,
984 3177 1022 3220 ac
1045 3157 1141 3241 saepe
1165 3155 1311 3220 animum
1329 3147 1371 3212 iil·

283 3237 376 3310 lunt,
401 3253 435 3300 et
455 3235 490 3300 iri
515 3258 657 3302 errorem
680 3238 842 3314 mittunt,
868 3255 901 3304 et
922 3240 999 3302 salsa
1022 3261 1100 3302 vcra
1117 3239 1180 3302 esse
1196 3238 1368 3326 approbarit

282 3318 420 3414 ‘l'ertiur
441 3323 561 3385 modur
584 3321 707 3408 estqui
729 3321 962 3408 multipliciter
984 3337 1018 3386 ct
1040 3322 1245 3386 cumulatim
1261 3311 1371 3386 tutti·

280 3403 366 3465 lium
389 3402 571 3467 formarum
594 3426 751 3470 numeror
772 3407 885 3470 animo
907 3403 1080 3478 infundit,
1104 3425 1143 3470 ac
1163 3402 1273 3470 veluti
1291 3401 1369 3465 inuu-

279 3483 492 3550 merabilium
520 3487 684 3552 stellarum
719 3511 760 3552 ex
797 3491 932 3586 sphaera
955 3487 1113 3554 sensibilia
1134 3483 1371 3554 naturaeiuuu·
1408 3497 1409 3552 l

153 3591 177 3630 .·
279 3555 491 3634 merabilium
514 3571 698 3656 specierum
719 3571 822 3637 variis
853 3571 1028 3638 ordinibus
1051 3573 1180 3636 coelata
1201 3575 1315 3636 colion
1333 3581 1370 3626 ¹⁰·

279 3651 383 3740 cipit;
415 3652 451 3716 iii
477 3669 609 3719 tantum
629 3653 872 3743 multiplicium
892 3655 1137 3743 phantasiarum
1161 3647 1369 3721 diffufionibu

279 3738 494 3823 perturbatur
524 3754 563 3801 ut
593 3755 652 3801 aut
672 3737 729 3804 vix
750 3755 809 3804 aut
830 3758 1003 3826 nunquam
1027 3741 1069 3804 de
1091 3735 1140 3802 eie
1161 3739 1232 3804 fine
1251 3736 1316 3802 ullo
1335 3749 1369 3792 α·
1407 3769 1408 3825 i

280 3837 356 3884 rore
383 3820 493 3883 valeat
516 3820 685 3905 judicare3
729 3823 785 3888 sed
815 3823 1016 3912 quibusdam
1044 3815 1369 3910 argumentationum

279 3901 354 3964 veri
375 3906 625 3988 quodammodo
646 3905 783 3982 similia,
805 3929 845 3974 ac
865 3905 973 3972 veluti
996 3909 1038 3972 (le
1058 3905 1197 3972 incertia
1217 3913 1370 3995 certa210·

280 3983 367 4082 serre
393 4002 564 4083 potimur,
600 4003 635 4052 et
653 3992 866 4088 necsemper
886 3993 1006 4056 eodem
1026 3991 1129 4057 modo
1151 3992 1195 4056 dc
1215 3973 1368 4075 miouvlfi·
1406 4029 1407 4098 p

152 4123 155 4130 ,
282 4089 347 4133 mie
367 4067 547 4136 visibihum
566 4093 679 4138 rerum
697 4072 886 4140 rationibuc
908 4073 1080 4162 disputata
1101 4069 1147 4138 ali
1172 4073 1369 4154 undequi·

280 4173 326 4240 pe
352 4151 476 4254 clarina
509 4153 711 4246 veritatique
732 4155 976 4246 propinquius,
1011 4095 1194 4246 aliquaulo
1215 4145 1368 4224 obimnu
