2930 4982
479 235 585 308 later
607 233 770 320 omnm
828 281 833 290 ·
1096 236 1179 354 Δ641

62 435 192 492 ornare
213 440 268 488 ert
279 433 462 506 *coguntur
479 418 624 486 artemia
643 417 776 508 legibue
786 415 931 485 'divinae
945 418 1181 507 providentiae

73 526 175 594 atquc
199 497 320 585 judicii
352 501 486 582 ambita.
530 506 626 590 Quae
648 508 728 570 dum
750 505 797 568 ita
819 503 901 580 srnt,
935 521 1063 570 remota
1086 503 1179 576 omni

74 595 213 678 ambage
243 609 281 654 ao
313 586 570 663 deliberatione,
600 590 686 652 luce·
708 587 884 673 conspicor
905 587 1026 652 clarino
1051 604 1084 650 et
1105 589 1179 652 uni-

37 665 62 701 ¹
73 671 236 739 vertitatis
266 670 424 736 conditae
456 670 702 756 plenitudinem
724 671 760 736 in
783 671 988 736 consuasore
1008 670 1112 756 inque
1133 670 1144 732 i
1171 707 1181 716 -

74 759 146 822 ium
169 760 280 820 Deum
301 753 337 818 in
362 775 430 840 quo
452 754 563 820 omnia
585 754 770 830 lubsrllunt,
792 756 981 826 reversura,
1006 769 1040 818 at
1060 693 1180 831 justig-

73 861 146 906 mat
168 837 449 903 irrationabilium
471 836 694 924 cupiditatum
716 835 1036 924 aequiffimi.judicia
1052 839 1180 900 senten·

72 924 131 990 tiie
164 921 273 989 illator
307 922 364 984 scu
398 921 513 986 inferri
541 921 709 1008 permiffra
737 921 996 1008 inconculleque
1026 919 1181 986 definitae

72 1006 162 1072 intra
185 1005 290 1091 ipsam
305 1003 551 1092 plenitudinem
568 1021 733 1091 perpetuo
748 1005 997 1090 permansuram
1021 1003 1182 1090 quoniam

73 1112 147 1156 non
169 1089 276 1153 solum
296 1088 333 1153 in
356 1087 469 1174 aliquo
489 1110 558 1154 non
580 1091 773 1164 nocebunt,
812 1111 930 1152 rerum
952 1086 1052 1155 etiam
1071 1087 1185 1152 laudis

74 1173 177 1260 ipsiu·
207 1187 241 1235 et
268 1168 506 1258 pulcritudinis
523 1165 716 1252 'ineffabilia
747 1171 1023 1242 administrabunt
1042 1171 1183 1248 occafio·

73 1276 158 1334 netu
182 1275 221 1336 ac
241 1275 302 1340 per
322 1259 389 1320 hoc
409 1276 480 1320 non
501 1260 624 1320 temer‘e
645 1254 721 1342 quie
744 1255 864 1320 dixerit
883 1275 1010 1353 poenae
1033 1276 1071 1320 ac
1091 1276 1183 1340 prae·

74 1339 145 1404 mia
171 1359 243 1404 non
275 1340 437 1405 localibus
471 1339 599 1426 spatiis,
635 1341 693 1405 led
716 1339 961 1406 diverfitaubur
984 1337 1186 1424 qualitatum

73 1417 269 1508 dirrregari,
292 1422 340 1486 ita
360 1438 400 1485 ut
421 1423 515 1486 fimul
535 1425 609 1496 lint,
629 1421 790 1510 quoniam
811 1445 851 1488 ex
872 1421 948 1510 ipfie
971 1425 1104 1496 duobus
1119 1442 1184 1486 ree-

74 1475 212 1592 puilica
233 1505 338 1589 totiut
359 1521 527 1571 creaturae
548 1506 742 1583 ordinatur;
765 1523 800 1570 et
814 1507 908 1571 fimul
924 1505 1074 1572 non‘fint
1109 1525 1185 1590 rop-

77 1603 129 1654 ter
151 1587 299 1653 diversor
324 1611 438 1654 eorum
466 1589 612 1654 effectur.
655 1591 876 1656 Peccatorum
898 1590 1025 1676 quippe
1046 1611 1063 1654 e
1091 1603 1186 1652 ectut

77 1672 157 1738 sunt
183 1672 314 1750 luctae,
345 1671 508 1760 gemitus,
542 1671 686 1746 tristitia,
725 1675 793 1737 serr
825 1671 1055 1760 poenitentia,
1088 1673 1186 1736 ardor
1306 1715 1308 1720 ,

17 1758 20 1767 '
77 1753 275 1821 insatiabilia
309 1755 524 1840 cupiditatis,
555 1778 639 1844 quae
667 1755 707 1822 itt
732 1757 844 1843 aliquo
873 1759 1000 1822 nullam
1031 1753 1187 1822 inveniet

76 1838 249 1926 quietem,
294 1839 421 1905 scatent
462 1839 661 1906 delictorum
691 1844 836 1926 putredo
867 1862 906 1905 ac
939 1836 1210 1909 vermiculatio„

75 1923 266 2010 profundae
287 1922 499 2008 ignorantiae
524 1923 706 1988 denliffima
729 1922 932 2003 obrcuritae,
955 1922 992 1986 in
1008 1944 1073 2008 qur
1092 1922 1188 1985 nulla

73 2027 233 2070 verorum
266 2009 322 2072 vel
351 2005 453 2094 ipfiua
484 2005 640 2074 veritatis¹
657 2006 828 2093 cognitio,
865 2005 902 2073 id
924 2001 967 2070 est
992 2027 1030 2070 ea
1051 2002 1187 2070 fruendi

75 2089 274 2168 beatitudo,
308 2088 419 2188 ligatio
451 2090 595 2178 pedibue
628 2091 804 2156 difficulter
833 2092 870 2156 in
903 2087 1188 2174 divinialegibut
1278 2161 1282 2167 Ι

78 2169 291 2246 ambulandi,
327 2174 438 2260 lrgatia
467 2175 623 2241 manibut
653 2173 829 2241 difficultas
862 2179 1028 2242 bonorum
1051 2187 1188 2236 actuum
1349 2169 1354 2190 ⁸

77 2255 138 2342 qui
169 2256 352 2320 secundum
378 2257 521 2339 uirtutes
552 2259 648 2332 lunt,
680 2259 886 2344 peragendi,
918 2258 972 2323 hia
997 2277 1039 2320 ue
1071 2251 1188 2319 fimHia
1247 2291 1250 2296 ·

78 2361 166 2424 quae
188 2361 382 2404 enumerare
404 2357 437 2404 et
460 2343 601 2426 longum
624 2341 667 2403 ell
690 2356 724 2404 et
745 2341 955 2426 impoffibile.
1027 2338 1187 2404 eritorum
1219 2357 1224 2370 ¹

78 2443 162 2485 vero
194 2421 333 2507 effectur
360 2424 458 2498 sunt,
495 2421 854 2510 gaudium,'laeti.tia,
884 2447 966 2509 pax,
1002 2421 1186 2489 beatitudo,

78 2502 243 2579 felicitat,
276 2505 400 2590 gloria,
432 2505 623 2572 beatiffimia
647 2507 994 2594 angeliaflaequalitae,
1024 2524 1061 2567 ac
1081 2501 1189 2568 brevi·

80 2603 135 2652 ter
155 2587 358 2663 dicendum,
391 2590 529 2664 theoba,
551 2587 652 2653 idest
673 2588 862 2673 deificati03
893 2589 929 2650 in
952 2607 1017 2674 qua
1038 2587 1135 2650 Dens
1145 2577 1189 2676 se

77 2671 297 2754 diligentibus
325 2676 545 2755 praeparavit
565 2694 648 2758 quae
669 2693 727 2735 nec
744 2673 854 2736 oculus
873 2672 982 2746 vidit,
1020 2693 1078 2735 nec
1095 2670 1189 2736 ,auris

77 2757 233 2828 audivit,
256 2777 323 2840 ,nec
349 2759 384 2819 in
411 2779 466 2822 cor
498 2759 639 2820 bominis
655 2749 813 2847 ascendit.
856 2754 926 2819 Ubi
945 2768 1057 2818 autem
1079 2752 1187 2817 causa·

76 2861 155 2916 rum
189 2837 326 2904 effectur
350 2837 438 2903 inter
460 2839 661 2920 seinvicem
684 2838 842 2904 contrarii
866 2839 960 2915 sunt,
992 2835 1041 2900 ibi
1061 2833 1193 2900 necelle

78 2921 142 2996 cll,
165 2938 200 2986 et
219 2921 305 3007 ipsae
326 2923 438 2986 caulae
462 2923 631 3010 dioparari·
673 2925 718 2986 Et
737 2907 761 2986 ir
782 2922 857 3008 quit
879 2918 1021 2994 dixerit,
1051 2935 1189 3006 quomo-

80 3005 127 3072 do
150 3027 168 3068 a
190 3004 222 3068 se
244 3001 393 3070 invicem
413 3007 516 3091 longe
537 3005 710 3080 distantia,
746 3006 838 3070 fimul
863 3004 955 3070 etin
976 3025 1047 3069 uno
1069 3004 1190 3080 cordu-

76 3086 155 3154 nari
184 3087 338 3172 polluam
374 3088 489 3154 videat
510 3089 547 3154 in
568 3111 689 3176 magna
712 3092 813 3154 domo
836 3105 934 3176 atque
956 3087 1058 3174 regali
1081 3085 1189 3152 diver·

79 3171 190 3258 fioque
213 3171 385 3252 ornatibus
406 3173 616 3247 constructa,
640 3173 755 3238 sanum
777 3189 813 3236 et
826 3171 1047 3244 imbecillem,
1070 3171 1190 3234 orbum

81 3269 120 3318 et
145 3253 341 3328 videntem,
376 3255 501 3318 laetum
533 3267 567 3316 et
596 3255 738 3334 triliem,
774 3258 925 3318 securum
956 3269 989 3316 et
1010 3252 1189 3324 curiosum,

82 3335 226 3402 divitem
248 3351 283 3400 et
303 3357 466 3422 egenum,
502 3335 698 3400 verberibue
720 3337 874 3420 caesum,
909 3351 948 3400 ut
968 3337 1099 3413 iervut,
1134 3337 1193 3399 ho·

80 3419 225 3486 noribue
254 3419 459 3493 exaltatum,
490 3433 529 3482 ut
562 3416 739 3494 dominor,
772 3442 906 3486 carcere
935 3418 1120 3491 inclusum,
1153 3431 1195 3480 ut

78 3524 177 3583 reue,
212 3501 371 3568 omnibue
390 3499 539 3566 vinculis
559 3503 769 3575 absolu-tum,
807 3519 845 3566 ut
866 3487 1052 3577 innbcuue,
1084 3497 1192 3576 omni·

108 3607 152 3650 ue
173 3585 315 3651 crimine
337 3585 525 3659 absolutus,
561 3601 776 3670 caeterosque
799 3583 946 3660 imiliter
967 3607 1037 3650 uno
1059 3586 1192 3648 eodem·

78 3608 161 3736 iem
185 3690 228 3735 ue
265 3670 342 3734 loco
364 3690 403 3732 ac
424 3685 491 3732 tem
519 3687 575 3734 ore
596 3669 689 3732 timul
711 3668 800 3752 polle
822 3667 1002 3736 contineri.
1046 3663 1196 3750 Quodsi

80 3749 133 3815 ita
155 3773 172 3814 e
207 3752 466 3839 ,omnibuaque
486 3691 556 3815 titre
578 3747 759 3836 aequaliter
778 3753 1003 3840 patefactum,
1027 3747 1195 3838 quidmi-

80 3855 161 3899 rum
182 3831 206 3898 ir
226 3837 399 3900 credamus
422 3851 455 3900 et
475 3833 702 3921 intelligamur
723 3831 761 3898 in
782 3859 850 3903 una
869 3833 1043 3902 harmonia
1059 3831 1196 3924 unirer·

64 3914 188 4002 ‘litatio
216 3919 411 3986 restauratae
446 3917 551 4004 inque
572 3917 645 4002 luae
666 3919 779 3984 causae
799 3919 947 3986 reversae
961 3932 1073 3986 totam
1093 3911 1193 3995 ratio·

83 3998 234 4064 nabilem
257 4018 439 4066 creaturam
461 3997 567 4088 'gratia
589 4002 787 4078 redemtoris
808 4002 876 4080 lui,
899 3997 973 4086 Jqur‘
996 4011 1197 4068 eemttotam

83 4081 238 4175 accepit,
262 4081 375 4148 lanam
394 4084 544 4157 factam3
576 4081 772 4169 languidam
793 4081 1070 4170 vero-perreriae
1088 4080 1196 4161 volun

83 4164 164 4234 tatia
192 4160 463 4234 imbecillitatem
491 4185 577 4257 quae
606 4163 667 4254 ipfi
698 4164 866 4243 videlicet,
887 4181 1031 4246 naturae}
1048 4161 1195 4235 extriule

654 4479 661 4500 '
714 4504 729 4548 t
