2930 4982
45 431 50 444 ·
70 413 177 484 hetae
205 413 315 489 sunt,
330 409 370 479 in
388 412 633 484 msumeetione
653 412 803 482 hominis
823 435 903 482 cum
923 416 1063 484 homine
1084 433 1120 484 et
1137 416 1178 486 in

69 498 207 568 homine
226 497 430 562 reversuras:
452 496 634 585 inquibus
656 500 733 597 plus
755 489 912 575 animalia
934 500 1049 568 omnia
1064 501 1177 568 dicen·

70 585 111 648 da
133 584 211 646 sunt
231 577 387 646 animalia
410 581 492 656 effe,
531 604 631 667 quam
653 581 787 671 mipfie
810 581 985 648 effectibus
1007 585 1178 670 corporeis

71 687 109 730 ac
130 663 347 730 sensibilibus.
390 663 456 729 Ubi
477 663 569 728 enim
591 665 780 740 subsistunt,
804 663 853 728 ibi
872 666 1036 732 veraciter
1052 666 1185 732 anima-¹

68 747 114 812 lia
142 749 230 823 sunt.
275 743 438 812 Similiter
466 749 508 812 de
536 746 927 814 ‚omnibusseusibilibus
946 751 1013 814 five
1028 745 1182 826 'coelestis

68 833 135 896 bus„
161 831 228 897 fiae
255 827 394 895 terrenis
426 827 699 916 intelligendum.
748 830 872 896 Omnia
902 831 1064 918 siquidem

67 912 154 978 locis
198 910 476 1000 temporibusque
516 912 714 988 variantur,
757 913 995 1001 corporeisque
1031 855 1235 982 senisii*

68 997 310 1070 succumbunt,
340 1016 411 1071 non
440 995 530 1082 ipsae
549 1018 604 1062 res
625 996 853 1078 substantiales
873 1019 952 1062 vere
975 1020 1019 1062 ue
1041 997 1179 1064 existen·

69 1096 142 1177 tes„
164 1079 221 1176 seri
241 1078 387 1178 ipsqrum
408 1101 520 1146 rerum
539 1101 617 1178 vere
638 1078 851 1178 existentium
873 1103 958 1228 quse
1002 1104 1036 1147 m
1059 1079 1177 1182 transi·
1263 1125 1269 1134 ·

70 1179 175 1227 torrae
202 1183 367 1248 imagines
385 1177 420 1226 et
439 1161 672 1243 resultationes
693 1164 871 1261 mteilrgen
897 1185 916 1230 a
939 1163 1027 1228 sunt
1071 1165 1178 1245 Cujus
1234 1195 1236 1206 ·

67 1243 209 1310 rationis
232 1247 422 1336 exemplum
446 1243 489 1308 est
510 1267 577 1312 vox
598 1250 736 1332 ejusque
761 1267 873 1332 imago
895 1268 981 1394 quae
1002 1264 1020 1310 a
1043 1247 1178 1314 Graecis
1272 1293 1276 1310 «
1356 1271 1380 1299 ·’

67 1321 148 1432 imis
179 1343 339 1392 vocatur:
368 1328 426 1416 seu
447 1330 588 1415 corpora
608 1327 824 1427 ipsorumque
846 1351 904 1393 utu
927 1345 983 1394 rae
1004 1328 1179 1415 quaesite

64 1435 103 1478 m
131 1432 217 1498 puro
240 1418 314 1476 ae're
335 1411 512 1485 formatae,
547 1411 612 1475 five
635 1415 716 1476 dea
741 1434 814 1486 ute,
851 1413 919 1476 stve
941 1416 983 1478 de
1004 1413 1179 1500 qualicun·
1263 1437 1268 1444 ·

68 1517 134 1582 que
154 1517 190 1559 re
210 1496 307 1559 unde
327 1494 435 1559 solent
454 1493 628 1574 resultare,
649 1494 703 1560 res
738 1509 831 1560 taut:
854 1517 940 1581 quae
962 1511 1084 1560 cuncta
1105 1517 1177 1561 non

65 1601 139 1654 res,
161 1577 218 1642 sed
237 1569 337 1641 salsae
356 1599 469 1642 rerum
489 1575 654 1664 imagines
669 1579 854 1664 probantur
870 1580 946 1644 esse.
966 1581 1082 1666 ltaque
1094 1581 1179 1646 ficut

66 1659 232 1747 imagines
260 1681 386 1724 vocum
414 1663 618 1747 umbraeque
650 1681 830 1746 corporum
852 1683 914 1748 per
934 1661 968 1724 se
988 1683 1059 1728 non
1082 1662 1178 1727 subfi-

65 1747 175 1820 siunt,
200 1740 279 1830 quia
300 1743 477 1808 substantia
498 1764 569 1808 non
591 1743 687 1809 sunta
709 1745 753 1808 fic
774 1765 913 1841 corpora
934 1743 992 1808 ista
1011 1745 1178 1810 sensibilia

66 1824 176 1894 voluti
196 1848 307 1890 rerum
329 1825 570 1893 subfistentium
613 1829 754 1892 uaedam
776 1826 1011 1892 similitudines
1031 1829 1119 1903 sunt,
1143 1841 1180 1892 et

91 1933 126 1976 er
146 1908 180 1993 se
202 1907 368 1973 subsistere
391 1907 556 1974 nesciunt.
633 1931 687 1974 am
709 1925 743 1975 et
765 1913 913 1977 humana
933 1931 1074 1996 corpora
1090 1931 1177 2008 quae

63 1936 218 2060 socaliter
239 1991 489 2067 distenduntur,
512 1991 730 2060 incrementis
747 1992 1036 2080 decrementisque
1048 2015 1179 2058 varran·

65 2093 145 2152 tur,
177 2090 212 2139 et
232 2084 433 2157 moqe'ntur,
465 2076 591 2162 species
612 2098 747 2165 quoque
768 2075 904 2142 illorum
925 2075 991 2141 five
1010 2074 1176 2164 generalis

8 2223 9 2234 ,
62 2159 243 2246 illaquam
265 2157 380 2224 omnia
400 2179 540 2246 corpora
562 2161 709 2226 humana
721 2158 943 2247 participant,
966 2160 1033 2224 five
1053 2157 1177 2256 specia-

62 2243 107 2308 lis
140 2263 207 2328 qua
233 2241 438 2338 singulorum
466 2263 647 2328 corporum
681 2243 850 2330 quantitas
881 2237 1176 2318 circmntcntitur,

62 2325 102 2391 in
123 2327 366 2402 resurrectione
386 2325 500 2388 sutura
524 2346 595 2390 nou
617 2325 793 2392 suntt'sed
813 2324 850 2389 in
868 2324 1060 2412 spritualem
1080 2341 1178 2389 natu·

63 2433 158 2483 ram,
191 2427 277 2493 quae
297 2406 381 2472 locis
403 2407 697 2494 temporibusque,
728 2407 874 2506 propriis
896 2427 1031 2494 quoque
1052 2407 1178 2494 specie·

61 2493 148 2565 bus,
178 2511 262 2576 quae
290 2513 332 2554 ex
362 2490 523 2576 qualitate
555 2506 589 2556 et
620 2506 808 2578 quantitate
838 2489 1039 2564 sumuntur,
1070 2489 1179 2574 nescit
1253 2533 1255 2538 ,

63 2570 315 2652 circumscribi,
346 2572 524 2638 transitura
556 2573 619 2638 effe
639 2572 799 2641 naturalis
818 2573 906 2638 ratio
928 2575 1058 2638 edocet.
1100 2573 1179 2636 Hoc
1216 2579 1219 2586 '

63 2673 180 2724 autem
210 2653 354 2720 dicimus
378 2655 724 2743 nonpraescribendo
746 2653 928 2720 sententias
950 2651 1087 2740 eorum,
1114 2653 1179 2799 ffid

61 2739 162 2806 aliter
184 2741 226 2804 de
245 2737 489 2804 resurrectione
510 2760 690 2825 corporum
705 2735 1056 2828 omninudisputaut.,
1085 2739 1110 2802 A
1149 2760 1180 2799 r·

61 2837 162 2889 mant
193 2819 286 2886 enim
315 2824 463 2886 humana
490 2843 631 2909 corpora
661 2823 697 2885 in
732 2841 770 2885 ea
790 2819 979 2907 quantitate
1001 2835 1035 2883 et
1055 2818 1177 2906 specie,

58 2907 100 2973 iu
123 2926 190 2994 qua
210 2908 478 2992 unumquodque
500 2903 642 2978 cecidit,
675 2904 789 2968 sutura
810 2905 889 2968 effer
919 2903 1100 2989 sexumque
1122 2923 1180 2968 eo-

60 3013 160 3064 rum,
196 2985 329 3062 virilem
359 2987 435 3053 dico
464 2986 758 3074 foemineumque,
799 2986 1054 3074 permansurum
1083 2999 1179 3050 autu·

59 3087 170 3158 mant
212 3073 266 3133 De
319 3069 419 3136 uibus
450 3071 661 3158 postmodum
683 3069 1032 3147 commemorabimus.
1075 3070 1189 3156 Quod·
1284 3135 1289 3138 .

60 3173 180 3222 autem
202 3093 358 3218 animiaiia
380 3153 426 3218 ea'
439 3154 570 3218 ratione
592 3175 657 3248 qua
678 3151 841 3228 diximus,
863 3147 995 3233 hocpost
1015 3151 1053 3216 in
1073 3153 1178 3218 causta

60 3238 134 3306 suis
156 3235 279 3301 iterum
301 3237 413 3302 sutura
436 3238 530 3312 suut3
554 3260 595 3301 ex
614 3237 726 3302 verbis
742 3234 858 3302 Sancti
872 3233 1026 3319 Dionysii
1039 3233 1181 3301 incunc-

60 3325 178 3388 tanter
198 3319 368 3418 possumus
381 3319 627 3418 argumentari.
671 3318 831 3406 capitulo
864 3319 955 3384 sexto
977 3321 1019 3386 de
1039 3317 1179 3382 Divinis

58 3403 273 3473 Nominibus
302 3405 344 3468 de
380 3404 496 3468 divina
517 3402 588 3468 vita
609 3400 796 3491 disputans.
838 3403 1093 3477 Immortaliam,
1124 3399 1177 3465 in·

60 3486 164 3578 quit,
186 3485 377 3570 angelorum
396 3489 474 3552 vita
493 3500 527 3549 et
548 3487 781 3552 immortalitas
802 3499 836 3548 et
852 3487 1060 3567 imperdibile
1073 3481 1180 3576 ipsum

58 3570 237 3656 angelicae
286 3579 394 3654 emper
425 3573 579 3636 strationis
604 3593 646 3634 ex
676 3573 713 3651 ip
730 3593 753 3632 a
782 3569 898 3632 diviua
927 3569 1083 3632 videlieet
1102 3570 1179 3630 vita

59 3669 100 3722 et
128 3675 191 3739 par
218 3655 255 3736 ip
272 3677 326 3718 am
357 3649 406 3744 eli
426 3666 461 3717 et
470 3645 647 3744 subsisti&
688 3655 696 3672 “
739 3655 806 3718 irco
828 3666 862 3715 et
881 3655 1032 3716 uiuentes
1042 3645 1179 3745 semper
1250 3655 1254 3668 '

59 3754 100 3806 et
132 3739 334 3803 immortales
362 3737 537 3802 dieantur:
565 3751 599 3800 et
626 3758 690 3802 non
714 3735 913 3802 immortales
935 3739 1051 3798 iterum
1058 3759 1072 3810 ,·
1103 3755 1180 3822 qao·

58 3827 242 3890 niam-nort
262 3845 285 3886 a
297 3819 425 3913 seipfis
442 3819 564 3885 habent
584 3821 816 3886 immortaliter
836 3815 901 3913 effe
921 3831 955 3882 et
967 3819 1181 3884 aeternaliter

57 3911 204 3981 viuere,
229 3899 298 3998 sed
327 3930 369 3972 ex
399 3907 473 3968 viui
498 3925 539 3968 ca
566 3916 601 3968 et
626 3907 732 3972 tatius
751 3906 844 3968 vitae
857 3902 1004 3988 factrice
1025 3915 1059 3966 et
1078 3906 1181 3968 conti·

57 3992 219 4060 naamice
238 4012 299 4052 cau
315 4006 346 4054 a.
373 3991 423 4055 Et
457 4000 527 4052 teat
546 3989 581 4052 ira
603 3977 677 4054 ivm
698 3989 854 4063 dicimus,
875 3988 937 4050 hoe
957 3983 1006 4072 qli
1025 3987 1067 4049 de
1081 3979 1178 4078 effen·

59 4080 123 4143 tta
152 4086 339 4139 tractantes
366 4067 429 4152 (iv
452 4076 537 4138 mim
557 4092 590 4136 a
603 4073 740 4138 oratos
760 4063 898 4163 effentia
917 4069 1061 4145 dicitur,
1087 4069 1182 4173 ficut

62 4173 104 4227 at
127 4147 270 4266 viatim)
287 4159 368 4246 quta
388 4169 423 4224 et
442 4156 586 4248 ᾀωᾶσιιι
605 4150 671 4255 effe
692 4152 742 4264 esi
761 4148 924 4251 causasisr
932 4149 989 4250 sta
1009 4166 1044 4222 et
1058 4153 1182 4264 itiite-

690 4277 730 4345 31
891 4269 893 4274 ’
942 4292 946 4300 “
