2912 4978
269 251 343 326 rar
592 248 649 326 oe
666 247 851 324 noune
866 205 1044 328 nm

107 449 115 460 '
244 431 247 436 ’
270 433 366 526 ligit,
392 431 464 537 ipse
484 451 620 524 quoque
637 433 774 536 lirnpler
793 430 1014 523 fimplietter,
1031 429 1102 502 laoe
1120 427 1184 512 cll,
1212 429 1385 500 univerit·

269 519 320 589 lea
348 519 581 589 universaliter
614 535 763 586 retronea
783 517 963 586 visibilium
984 515 1081 582 omni
1102 514 1273 605 phantilia
1292 518 1386 584 abso·

270 609 371 680 lutae,
388 605 493 692 inque
506 602 687 703 semetipfie
701 602 871 691 puriffime
887 625 926 667 ac
937 598 1102 668 veriffirne
1122 601 1310 690 perspector
1324 619 1386 690 per

271 687 424 756 medium
439 703 571 753 motum
590 709 700 775 primo
717 687 827 754 motui
848 685 1036 752 renunciat.
1059 684 1132 770 lple
1153 707 1234 752 vero
1256 685 1386 774 primur

204 793 216 836 s
270 789 405 847 motus,
436 775 664 860 quodcunque
696 793 734 835 ex
764 769 863 836 tertio
891 793 953 870 per
981 768 1151 860 medium,
1184 785 1218 834 et
1246 792 1287 834 ex
1309 768 1383 856 ipio

269 856 386 924 medio
405 853 600 921 immediate
621 854 658 919 in
679 854 968 920 moderationrbue
983 873 1096 918 rerum
1113 868 1299 918 creatarum
1313 875 1386 939 per-

272 937 377 1040 cipit,
410 961 472 1027 per
502 937 547 1003 lei
574 939 644 1004 sum
672 937 875 1026 ⁸immediate
895 935 1073 1024 incognito
1095 935 1233 1034 quidem
1255 937 1386 1024 (incog

271 1039 348 1088 nrto
368 1043 452 1088 vero
474 963 570 1111 quod
588 1022 684 1088 caula
706 1020 859 1086 omnium
882 1022 940 1097 est)
985 1019 1208 1108 rinciptieque
1230 1019 1385 1086 omnium

270 1128 403 1183 rerum,
432 1109 499 1172 hoc
532 1106 594 1181 ell,
628 1103 872 1192 principalibus
893 1041 996 1170 cruia
1018 1105 1061 1172 ab
1080 1124 1121 1168 eo
1143 1118 1177 1168 et
1197 1101 1233 1170 in
1257 1123 1297 1169 eu
1319 1103 1386 1167 fac·

272 1189 336 1266 tir,
360 1205 433 1253 eta
454 1189 489 1253 le
510 1188 691 1268 distributio
711 1189 832 1265 refert,
854 1191 921 1254 hoc
943 1188 1002 1263 est,
1024 1209 1044 1251 a
1065 1190 1139 1252 Deo
1159 1209 1221 1274 per
1241 1185 1328 1274 ipiaa
1347 1185 1385 1251 in

271 1271 388 1339 omnia
412 1295 497 1360 quae
518 1273 590 1360 post
609 1273 642 1338 ie
663 1273 760 1349 lunt,
783 1275 992 1361 procedere,
1016 1269 1195 1339 etiterum
1217 1293 1278 1357 per
1298 1267 1387 1358 ipsae

271 1353 310 1424 in
331 1355 442 1444 ipsum
462 1353 625 1454 intelligit
643 1378 822 1422 recurrere.
866 1356 1006 1422 Animae
1027 1353 1132 1442 igitur
1147 1370 1309 1442 purgatae
1326 1375 1387 1440 per

270 1439 692 1517 actionem,illum1natae
714 1463 775 1527 per
796 1438 988 1516 scientiam,
1012 1439 1193 1536 perfectae·
1203 1459 1265 1524 per
1275 1439 1388 1503 Theo·

140 1533 144 1552 ·'
270 1524 305 1589 lo
332 1523 396 1588 'am
417 1539 551 1600 motus,
575 1544 643 1610 quo
667 1524 796 1612 semper
818 1522 906 1589 circa
926 1528 1037 1588 Deum
1052 1539 1269 1608 incognitum
1284 1537 1389 1585 aeter·

270 1629 315 1672 na
330 1605 395 1670 iter
414 1605 587 1684 volvitur,¹
604 1609 691 1672 ultra
713 1623 748 1671 et
768 1607 860 1672 suam
883 1623 917 1672 et
938 1605 1091 1672 omnium
1106 1627 1218 1670 rerum
1230 1621 1387 1672 naturam

172 1769 176 1778 .
270 1688 382 1792 ipsum
403 1691 677 1766 Deumomnino
701 1691 889 1757 absolutum
915 1693 955 1756 ab
982 1689 1158 1764 omnibus,
1181 1711 1268 1776 quae
1288 1703 1324 1753 et
1340 1687 1390 1754 di·

272 1795 306 1838 ct
334 1788 369 1838 et
389 1771 536 1861 intelligi
557 1775 710 1860 poliunt,
737 1797 873 1840 necnon
896 1773 1073 1849 omnibus,
1112 1794 1198 1859 quae
1217 1793 1282 1836 nec
1305 1769 1387 1847 dici,

269 1877 336 1920 nec
357 1853 503 1944 intelligi
523 1859 677 1945 poliunt,
701 1873 735 1922 et
756 1872 870 1924 tamen
892 1859 1142 1946 quodammodo
1166 1856 1264 1934 suut,
1286 1853 1389 1921 intel·

270 1937 399 2024 ligent,
430 1963 575 2028 eumque
606 1943 668 2005 effe
698 1941 827 2028 aliquid
849 1963 985 2016 eorum,
1018 1937 1222 2027 quaesunt,
1259 1954 1294 2002 et
1316 1960 1391 2026 non

271 2022 351 2086 sunt
373 2026 564 2112 denegant,
588 2039 623 2090 et
644 2024 759 2090 omnia
781 2047 866 2112 quae
888 2029 930 2090 de
951 2025 1024 2123 ipso
1040 2021 1294 2111 praedicantur,
1314 2043 1391 2086 nou

270 2127 334 2192 pro
360 2103 409 2170 rie
430 2108 488 2173 led
509 2107 716 2196 translative,
729 2110 770 2172 de
793 2131 833 2173 eo
879 2107 1040 2173 raedrcari
1063 2108 1270 2193 approbans,
1292 2105 1390 2180 νοῦς,

271 2211 293 2254 a
349 2189 474 2263 necis,
507 2213 525 2255 a
556 2133 890 2256 nostrie'intellectir
911 2193 968 2255 vel
991 2190 1123 2255 animus
1145 2187 1319 2257 vel'mene
1341 2188 1392 2256 di·

205 2337 212 2350 ,
270 2271 377 2348 citur,
401 2289 436 2338 et
456 2269 711 2340 substantialiter
731 2275 793 2352 est,
819 2293 853 2340 et
867 2272 1064 2362 principalia
1080 2297 1155 2360 pare
1175 2273 1307 2338 animae
1325 2270 1392 2336 elie

270 2353 484 2444 intelligitur.
516 2361 596 2444 Non
625 2357 717 2441 enim
743 2359 837 2424 aliud
858 2359 902 2422 est
923 2358 1055 2422 animae
1076 2349 1290 2422 effentialite'r
1312 2357 1390 2432 effe,

271 2453 306 2502 et
335 2439 758 2530 substantialiteugnovcri.
800 2444 873 2541 lpla
906 2441 1067 2529 liquidem
1091 2439 1128 2505 in
1147 2440 1297 2504 motibus
1320 2439 1392 2503 luia

270 2521 428 2600 subfistit,
456 2523 716 2612 fuiquelprotua
745 2526 782 2591 in
811 2525 882 2611 ipsa
902 2525 1095 2599 subsrllunt,
1133 2523 1176 2588 ell
1200 2522 1292 2587 enim
1316 2523 1393 2588 sun·

268 2605 347 2754 pler
370 2623 489 2673 natura
513 2626 546 2673 et
567 2609 767 2683 individua,
790 2625 1016 2695 motuumque
1038 2609 1173 2673 suorum
1195 2605 1393 2670 substantia·

284 2710 295 2751 1

295 2690 360 2754 bue
378 2689 579 2776 differentiia
594 2692 805 2758 solummodo
819 2691 971 2758 discreta.
994 2690 1392 2757 Namficoelelleoellen·
1442 2753 1443 2758 ,

269 2769 344 2848 tiae,
368 2795 450 2870 quaa
475 2775 630 2840 coelestes
652 2775 795 2841 virtuter
813 2774 1057 2862 Angelicaeque
1074 2771 1190 2840 divina
1205 2771 1393 2840 nominant
1442 2855 1443 2858 Ἴ

269 2855 416 2942 eloquia,
425 2856 474 2921 nil
483 2851 1392 2944 aliudelsesubstantialiterasanctiepatri'bustraditur,

268 2937 332 3004 nili
345 2937 590 3028 intelligibiles,
609 2958 773 3018 aeternos,
792 2940 1392 3038 inceffabilerquemotuscircaprin·

267 3019 399 3108 cipium
415 3023 581 3098 omniurn,
599 3047 617 3090 a
657 3047 714 3100 uo,
731 3041 765 3090 et
781 3049 841 3113 per
858 3049 970 3114 quem,
987 3043 1155 3111 ettnquo,
1176 3040 1210 3087 et
1222 3021 1392 3111 adquem,
1442 3069 1443 3092 2

267 3119 304 3170 et
333 3122 516 3172 moventur
546 3122 580 3171 et
609 3107 647 3187 lu
671 3109 783 3174 sistunt
805 3110 862 3189 (est
884 3109 975 3174 enim
997 3107 1055 3174 iste
1080 3106 1250 3172 circularia
1271 3123 1394 3172 motus

266 3187 461 3285 coelestium
481 3188 648 3254 virtutum
670 3191 758 3256 circa
781 3195 879 3258 suum
899 3189 1131 3279 principium,
1167 3191 1207 3254 ab
1231 3211 1271 3255 eo
1294 3191 1394 3256 vide·
1442 3207 1443 3256 t

265 3271 348 3334 lacet
368 3286 408 3334 ut
429 3293 447 3335 a
486 3271 661 3371 pincipiot
684 3297 746 3361 per
767 3275 898 3362 ipsum,
923 3291 956 3339 et
974 3297 1036 3372 per
1056 3273 1206 3338 rationes
1230 3273 1305 3337 [uae
1328 3295 1394 3371 per
1442 3307 1443 3350 t

265 3349 379 3449 ipsum
391 3374 457 3420 con
498 3372 559 3432 tat,
573 3378 610 3420 rn
618 3351 689 3444 ipio
699 3374 739 3422 ut
747 3358 784 3423 in
794 3360 926 3446 legibue
935 3356 1230 3432 furonaturalibur,
1250 3379 1392 3444 quaein

265 3436 340 3520 apso
361 3437 450 3512 lunt,
473 3455 631 3538 extraque
652 3463 734 3527 quae
758 3441 874 3528 egredi
900 3463 966 3508 nec
982 3442 1116 3517 volunt,
1137 3461 1202 3504 nec
1221 3441 1316 3527 polle
1331 3459 1396 3506 vo·
1442 3447 1443 3492 ἓ

265 3515 364 3595 lunt;
382 3515 420 3586 in
439 3519 550 3620 ipsum
566 3545 694 3620 quippe
707 3539 747 3588 ut
761 3525 798 3590 in
814 3526 919 3590 finem
934 3526 1030 3588 suurn
1041 3525 1197 3598 redeunt,
1215 3521 1304 3588 etin
1321 3525 1395 3589 lola
1442 3535 1443 3548 ¹

184 3659 187 3672 .
262 3595 493 3692 intelligentia
521 3607 597 3672 talu
626 3623 740 3672 mutue
763 3608 827 3685 est3
857 3606 1058 3694 intelligunt
1078 3607 1171 3672 enim
1191 3602 1229 3670 [ε’
1247 3608 1288 3670 ab
1313 3607 1394 3694 ipio

265 3685 347 3763 elle,
371 3703 406 3750 et
425 3710 487 3775 per
495 3684 639 3836 Aipsum,
663 3705 698 3754 et
716 3688 754 3754 in
776 3691 849 3778 ipso
866 3690 1080 3782 intellectum
1095 3691 1195 3754 fuum
1207 3690 1394 3788 excerceri

263 3783 301 3861 et
314 3769 464 3867 'nattum
527 3795 602 3838 rum
629 3769 734 3872 linem
754 3791 895 3874 'praet-er
919 3774 954 3838 fe
975 3776 1098 3843 habere
1118 3781 1394 3873 nonotgporant)

263 3852 496 4004 liliam}
513 3856 1397 4028 ‘simii¹3lfllff³q¹lll¹¹lllssl⁰0⁸‚-¹253ssssss

263 4014 357 4096 lum,
388 4019 480 4087 etin
500 4020 592 4108 ipro,
628 4039 664 4088 et
684 4025 728 4089 ad
747 4021 858 4112 ipsura
880 4023 983 4090 lunt?
1011 4025 1144 4090 Eodem
1164 4043 1316 4111 namque
1340 4045 1397 4089 rn-
1442 4037 1443 4098 l

264 4099 435 4198 telligibili
451 4101 597 4200 ‘circulo
619 4107 827 4185 volvuntur,
859 4107 1056 4198 praesertim
1075 4129 1156 4186 curn
1177 4105 1296 4172 diviua
1321 4107 1396 4173 elo·

265 4205 345 4269 qiua
367 4188 545 4296 homiuem
563 4189 609 4297 ad
626 4188 895 4280 imaginenrnei
907 4191 1036 4264 fuctum
1050 4189 1263 4281 perhibeant
1286 4191 1393 4280 Μ
