2930 4982
356 172 833 348 smerdem*
994 217 1042 266 'l
1110 231 1263 324 oao-

84 409 176 475 enim
195 410 320 482 malum
345 408 512 478 incausale
534 409 595 484 est,
618 425 654 474 et
675 411 889 482 nullomodo
907 412 1187 490 invenissemus

83 493 148 565 est.
172 491 221 556 ita
240 491 400 557 naturalis
420 491 503 558 boni
524 490 642 556 illicita
662 493 836 560 abusio-ex
853 496 945 560 nulla
956 497 1100 578 naturali
1112 517 1187 562 nas·

82 573 172 640 citur
193 575 300 640 eausa.
343 577 418 640 Hoc
438 589 549 640 autem
572 574 649 640 dico
669 579 709 643 B.
733 576 932 658 Dionysium
953 579 1187 676 Areopagitam
1233 647 1238 660 ,

82 657 228 724 imtibro
251 661 293 723 de
313 656 449 722 Divinis
472 657 694 734 Nominibus,
718 676 752 724 et
775 663 810 725 S.
827 662 1187 747 Aurelllugustrnum,

82 739 235 806 inlibris
259 744 301 805 de
323 740 445 807 Libero
467 740 612 806 Arbitrio
633 743 786 829 sequena.
828 745 975 810 Stultum
998 743 1078 830 quip
1107 766 1125 808 e
1143 743 1209 806 est.

81 845 199 889 eorum
231 825 343 889 causas
395 845 529 896 uaerere
555 845 641 911 quae
667 827 762 891 nullo
792 849 931 912 genere,
966 829 1059 892 nulla
1080 769 1189 890 sorana

80 909 136 972 vel
165 903 294 993 specie,
335 847 430 973 nullo
448 929 590 972 numero
611 911 780 974 bonorum
798 931 882 994 quae
904 932 923 974 a
945 911 1071 976 summo
1093 913 1187 977 bono

82 1003 119 1054 et
138 989 487 1062 conditoretomnium
511 1006 546 1055 et
566 991 653 1054 facta
674 1008 708 1056 et
729 991 882 1058 ordinata
900 993 987 1065 sunt,
1009 991 1187 1058 contineu-

80 1087 159 1147 tur;
183 1071 343 1160 quoniam
364 1072 499 1159 penitus
520 1072 687 1140 incausale
708 1090 742 1139 et
761 1075 1009 1143 insubstantiale
1026 1077 1069 1140 est
1084 1093 1188 1142 omne

81 1157 173 1242 quod
193 1158 232 1220 ab
256 1178 296 1221 eo
318 1158 444 1222 sactum
466 1179 536 1221 non
560 1158 612 1222 est.
667 1158 758 1228 Hinc
777 1157 863 1228 mihi
884 1159 1043 1224 videntur
1062 1157 1187 1232 rectius

79 1261 191 1302 rerum
222 1239 441 1326 proprietates
469 1241 694 1317 considerare,
730 1241 789 1327 qui
819 1240 941 1320 dicunt
967 1241 1187 1308 libidinosum

81 1319 291 1407 appetitum,
320 1344 393 1388 non
423 1338 534 1388 autem
563 1327 683 1390 malam
713 1326 923 1389 voluntatem
944 1324 1188 1422 suppliciorum

79 1406 211 1470 causam
233 1407 321 1481 effe,
347 1405 467 1493 nequis
487 1405 648 1472 existimet
669 1411 750 1474 duas
771 1409 964 1472 voluntates
987 1430 1023 1471 m
1045 1429 1113 1472 una
1136 1427 1188 1470 ea·

79 1491 225 1574 demque
252 1505 371 1554 natura
402 1490 662 1575 comprehendi3
692 1512 760 1554 una
781 1489 1048 1578 quidem'bona,
1085 1492 1189 1569 altera

78 1591 160 1634 vero
182 1573 286 1648 mala3
311 1575 392 1638 dum
414 1594 481 1641 uua
504 1575 659 1638 voluntas
681 1571 886 1639 humanitati
907 1571 1008 1646 inest,
1032 1571 1187 1658 quamvis

79 1653 177 1740 saepe
208 1654 244 1718 in
276 1657 390 1730 bono,
425 1655 524 1740 saepe
547 1657 585 1720 in
604 1658 695 1720 malo
714 1652 915 1740 accipiatur:
942 1655 1050 1719 libido
1074 1671 1188 1720 autem

78 1758 151 1802 nou
179 1736 286 1803 solum
314 1739 521 1815 naturalibus
550 1738 648 1804 bonis
670 1738 811 1808 omnino
834 1737 1038 1812 excluditur,
1066 1760 1188 1802 verum

80 1819 182 1885 etiam
211 1838 270 1885 aut
299 1821 356 1886 vix
378 1837 436 1886 aut
455 1843 629 1908 nunquam
650 1820 688 1886 in
709 1819 954 1907 fignificatione
974 1820 1057 1889 boni
1079 1821 1116 1884 in
1139 1818 1188 1885 di·
1249 1817 1275 1886 ’.

77 1902 159 1968 vina
186 1903 348 1992 scriptura
382 1904 557 1990 reperitur.
600 1908 686 1988 Nam
716 1921 750 1968 et
777 1903 905 1989 primus
934 1907 1037 1968 homo
1060 1903 1096 1967 in
1117 1923 1191 1990 quo,

78 2007 197 2052 omnes
249 2004 468 2062 eccaverunt,
506 1987 649 2053 libidine
679 1985 876 2053 dominandi
899 2002 933 2050 et
953 1988 1051 2073 super
1072 1985 1188 2052 omnia

78 2012 247 2136 exaltantis
280 2076 441 2160 deceptus
476 2069 538 2146 cll,
575 2088 674 2158 atque
694 2069 849 2157 peccavit
871 2071 1030 2134 suadente
1052 2069 1187 2136 diabolo

76 2175 117 2218 ac
139 2151 290 2219 dicente:
313 2159 347 2220 in
367 2177 552 2240 quocunque
573 2157 627 2218 die
650 2155 858 2220 comederitis
874 2179 917 2216 aa·
931 2177 988 2228 eo,
1012 2151 1186 2238 prohibito

74 2236 236 2301 videlicet
257 2237 375 2324 ligno,
410 2243 598 2322 aperientur
617 2240 704 2305 oculi
722 2236 842 2328 vestri,
866 2241 1014 2316 eteritis
1048 2249 1118 2300 tcut
1137 2237 1190 2298 dii

65 2315 216 2414 scientes
243 2322 358 2386 buniam
390 2336 424 2384 et
455 2324 582 2389 malum.
626 2324 803 2408 Oquanta
825 2319 932 2389 libido
954 2321 1127 2405 superbiae
1149 2316 1188 2381 in

77 2404 139 2469 illo
173 2419 260 2480 eret,
292 2405 350 2503 qui
371 2407 428 2502 sua
450 2405 574 2470 virtute
595 2409 687 2469 Deus
714 2405 775 2468 esse
797 2401 970 2488 cupiebat!
1006 2403 1083 2466 Non
1107 2420 1187 2487 ergo

75 2489 288 2584 Paganorum
306 2504 479 2570 impietas,
502 2490 556 2552 vel
574 2491 776 2552 ludaeorum
791 2485 948 2571 perfidia,
970 2487 1025 2548 vel
1047 2482 1188 2548 aliarum

76 2587 256 2636 nationum
278 2571 426 2636 fabulosa
449 2570 666 2635 deliramenta
689 2592 728 2633 ex
750 2567 957 2634 naturalibus
979 2567 1100 2640 causis,
1129 2563 1189 2629 sed

78 2675 120 2718 ox
148 2653 333 2719 libidinose
371 2652 614 2739 cupiditatibus
650 2675 812 2726 vanarum
843 2649 1097 2736 cogitationum.
1111 2669 1187 2745 prq-

76 2737 218 2812 fluxere3
241 2737 385 2823 ideoque
403 2737 442 2801 in
465 2738 560 2808 nullo
583 2758 698 2802 eorum
721 2751 839 2800 natura
860 2731 1039 2819 punietur,
1070 2732 1127 2795 sed
1148 2731 1186 2794 la·

77 2818 170 2885 bido.
215 2821 336 2885 Omnia
359 2819 485 2905 quippe
508 2818 591 2898 vitia
613 2841 698 2907 quae
716 2817 900 2898 virtutibus
914 2813 1079 2892 contraria
1096 2815 1185 2889 sunt,

76 2918 298 2990 naturamque
331 2925 544 2988 corrumpere
580 2918 765 3048 appetunt,
802 2897 1001 2998 geqeraliter
1032 2894 1187 2960 libidinis

77 2987 243 3051 vocabulo
275 2987 383 3052 solent
411 2985 579 3074 appellari.
656 3010 696 3050 ur
721 2983 825 3049 iffima
851 3000 966 3068 itaque
997 2977 1104 3044 libido
1125 2977 1187 3073 im·

74 3067 212 3155 piorum
244 3069 280 3133 in
313 3071 471 3136 salsorum
495 3071 632 3134 deorum
656 3011 768 3142 cultu,
801 3066 1006 3154 perfidorum
1029 3061 1066 3160 in
1088 3083 1187 3160 pegu-
1257 3114 1263 3134 ,

75 3151 173 3216 tione
195 3151 364 3228 veritatis,
389 3151 594 3238 aliarumque
616 3151 768 3238 gentium
787 3149 823 3215 in
838 3149 991 3213 salsarum
1004 3147 1188 3211 libidinum

76 3234 325 3311 deliramentis,
348 3236 384 3300 in
407 3235 587 3300 vanissimis
609 3234 787 3321 phantasiis
810 3255 927 3316 eorum
949 3229 1113 3318 quaesibi
1136 3228 1187 3296 su·

64 3333 155 3382 ¹tura
186 3319 338 3404 fingunt,
371 3321 450 3383 dum
472 3319 558 3383 nihil
581 3317 617 3383 in
641 3319 688 3382 eis
710 3315 889 3382 invenient
909 3330 1040 3403 praeter
1059 3312 1188 3376 incom-

76 3402 315 3488 prehensibiles
354 3405 508 3476 umbras,
553 3399 725 3488 suppliciis
752 3397 956 3486 relinquitur
986 3394 1185 3480 torquenda,

73 3483 290 3551 universitate
311 3485 514 3561 naturalium
537 3482 901 3567 bonorumntotiusque
918 3493 1057 3543 naturae
1074 3498 1092 3540 a
1111 3475 1187 3539 Deo

76 3582 208 3634 creatae
232 3567 372 3653 integra,
389 3564 585 3653 plenissima,
606 3565 841 3664 impunitaque
853 3561 1084 3650 permanente.
1107 3556 1188 3644 Cae·

74 3666 188 3716 terum
216 3648 380 3736 generalis
397 3648 554 3714 omnium
576 3649 758 3734 impiorum
780 3668 892 3744 poena
913 3643 996 3741 erifq
1030 3657 1071 3705 ut
1092 3633 1189 3725 saepe

75 3733 243 3809 diximus,
265 3735 377 3800 luctus
398 3749 432 3798 et
455 3731 583 3798 tristitie
606 3737 648 3797 de
661 3733 809 3797 absentia
826 3747 860 3794 et
874 3731 1065 3815 perditione
1074 3745 1188 3789 rerum

73 3817 199 3905 quibua
221 3815 344 3882 in'hac
364 3815 434 3882 vita
451 3817 721 3898 delectabantur,
744 3835 885 3901 quarum
902 3805 1088 3898 phantasias
1108 3808 1189 3872 sem·

73 3923 137 3988 per
158 3899 263 3966 veluti
284 3923 364 3998 prae
386 3898 493 3965 oculis
514 3901 707 3972 habebunt,
731 3919 812 3994 quas
834 3896 1188 3987 comprehenderent·
1243 3939 1247 3944 ,

76 3985 198 4050 denter
218 4005 260 4048 cu
286 3999 394 4049 tentes
416 3980 624 4070 nequibunt,
649 4002 810 4070 quomam
832 3977 918 4044 nihil
934 3977 1028 4048 sunt,
1052 3992 1187 4069 cupren-

75 4081 130 4132 tea
162 4009 425 4132 consolationem
457 4067 590 4148 habere.
609 4087 649 4131 ex
671 4064 724 4142 bis
746 4083 831 4150 quae
853 4058 1117 4156 desperationem
1139 4076 1189 4151 qn·

76 4163 202 4238 gerunt
234 4163 269 4212 et
298 4147 581 4236 inquietudinem.
623 4147 732 4232 Hinc,
748 4145 855 4232 oritur
875 4145 946 4210 sera
966 4153 1187 4230 poenitentis,
1235 4185 1239 4196 ·

709 4267 858 4334 ὅδ’
