2854 4978
440 273 548 347 leon
572 273 725 356 oeno.
909 389 913 395 ι
1070 274 1145 350 197

20 399 24 436 l
1160 437 1163 442 ,

78 454 199 522 donoro
218 455 279 525 fibi
300 451 448 526 invicem
469 480 490 530 e
512 461 681 532 contrario
700 463 924 551 respondente
945 465 1068 532 horum
1081 463 1142 538 ita·

77 559 121 636 pne
144 539 307 618 omnium,
338 541 494 612 omilium
524 545 601 611 dieo
623 563 657 613 et
676 544 900 627 dillimilium,
928 549 1020 619 unua
1041 565 1142 636 atque

76 624 138 685 iden
158 625 274 690 artifex
303 625 363 706 est,
395 631 491 707 cujuo
522 628 771 717 omnipotentia
791 629 830 695 in
850 631 978 700 nulliua
1001 649 1142 700 natiuae

20 737 21 746 κ
74 705 191 772 deicito
218 709 377 780 eratione.
420 709 566 782 Perinde
586 713 804 812 pulchritudo
826 713 931 781 totius
948 714 1142 782 univerlita·

74 787 101 851 tia
122 809 172 854 con
199 809 285 870 itae,
317 791 474 858 limilium
503 811 538 860 et
566 796 790 876 drffimilium,
820 795 967 864 mirabili
997 803 1142 886 quadam
1172 837 1174 846 ι

72 871 210 938 hannonia
239 877 416 942 constituta
446 877 506 954 est,
539 900 579 944 ex
609 879 953 968 diverfiageneribuo
973 881 1143 969 variisque

20 993 21 1016 r
70 953 168 1034 fornia,
192 959 424 1026 differentibus
446 983 581 1050 quoque
600 959 901 1030 substantiarumet
914 964 1144 1032 accidentium

20 1073 22 1128 p
69 1039 230 1120 ordinibus,
265 1041 302 1108 in
334 1045 499 1110 unitatem
528 1051 697 1133 quandam
730 1047 937 1116 ineffabilem
956 1063 1142 1136 compacta.

20 1151 22 1238 Ι
68 1122 98 1184 Ut
114 1125 195 1190 enim
218 1127 413 1225 organicum
435 1129 540 1194 meloo
561 1153 601 1196 ex
623 1131 758 1198 diverfia
777 1153 903 1198 vocum
925 1131 1143 1222 qualitatibus

20 1243 21 1296 p
66 1219 89 1300 et
102 1209 332 1292 quantitatibus
352 1211 549 1289 conficitur,
572 1218 655 1281 dum
671 1214 801 1284 viritim
814 1217 1057 1315 separatimque
1070 1215 1143 1280 len·

66 1301 167 1356 uantur
184 1294 287 1442 longe
305 1296 365 1360 ale
378 1295 656 1382 discrepantibus¹
666 1299 869 1367 intentionis
891 1317 926 1364 et
944 1297 1144 1365 remiffionio

20 1387 21 1420 ἐ
64 1377 246 1460 proportioni
271 1401 310 1444 us
340 1380 545 1467 segregatae,
580 1385 661 1448 dum
690 1405 771 1450 vero
792 1383 853 1448 fibi
874 1381 1023 1450 invicem
1045 1403 1143 1470 coap·
1246 1445 1248 1450 .

63 1467 145 1524 untur
175 1463 361 1528 fecundum
389 1479 495 1529 certae
522 1465 806 1554 rationabilesque
830 1466 908 1533 ertia
923 1466 1070 1532 Mulicae
1093 1485 1144 1530 re·

64 1541 129 1622 gulae
147 1568 211 1632 per
230 1546 377 1646 singulos
399 1563 515 1632 tropos
536 1551 723 1616 naturalem
766 1554 913 1616 nondam
927 1550 1142 1616 dulcedinem

62 1627 231 1694 reddentes:
272 1647 320 1694 rta
354 1631 578 1698 universitatio
614 1573 815 1710 eoncordia,
855 1657 896 1700 ex
927 1633 1060 1700 diversae
1084 1655 1142 1698 na·
1217 1665 1222 1676 ·

61 1719 125 1804 turae
144 1713 249 1780 unius
271 1713 573 1791 subdivifionibua.
608 1718 681 1783 ale
701 1716 870 1794 invicem,
894 1720 976 1783 dum
1002 1719 1142 1806 lingula·
1195 1787 1198 1793 .

60 1797 353 1884 nterinlpieiunter,
366 1797 618 1877 diffonantibua,
630 1804 723 1880 juxta
735 1799 923 1866 conditorio
935 1799 1143 1866 uniformem
1273 1796 1277 1811 '

59 1878 244 1946 voluntatem
265 1885 454 1947 coadunata
476 1883 530 1948 est.
572 1884 634 1949 Hia
656 1885 771 1972 itaque
792 1883 965 1960 diffinitio,
987 1905 1059 1949 non
1081 1882 1148 1948 im·'

60 1965 175 2057 perito,
196 1979 238 2028 ut
257 1965 392 2052 inq'dio,
416 1965 549 2032 diversio
571 1968 819 2055 cogitationum
838 1968 997 2034 fluetibua
1018 1965 1078 2032 fibi
1090 1965 1142 2031 in·

57 2062 140 2113 noem
162 2049 414 2114 adversantibus
436 2049 604 2127 allideria;
640 2049 836 2117 confeetum
857 2051 901 2117 est
922 2049 1015 2116 enim
1036 2065 1071 2115 et
1090 2048 1143 2114 in·

21 2129 22 2136 '
58 2132 189 2197 conuulso
212 2131 416 2209 diffinitum,
439 2134 555 2199 omnia
576 2157 661 2223 quae
682 2137 776 2210 lunt,
800 2150 834 2199 et
854 2155 941 2222 quae
960 2155 1033 2200 non
1052 2134 1141 2211 lunt,

57 2211 83 2274 ab
98 2237 165 2280 uno
187 2214 342 2280 omnium
362 2217 533 2302 principio
557 2221 727 2284 confluere
755 2220 820 2282 five
847 2218 884 2282 in
918 2213 1143 2305 primordiali·

56 2292 98 2361 bor
117 2299 220 2364 caulis
240 2301 342 2365 semel
365 2316 399 2362 et
418 2301 513 2366 sunul
533 2299 571 2365 in
592 2305 698 2367 verbo
722 2301 777 2368 dei
799 2301 977 2387 unigenito
994 2305 1144 2366 aeterna·

56 2374 108 2445 liter
139 2381 255 2459 factio,
288 2383 357 2446 lire
384 2381 421 2448 in
441 2386 581 2449 materia
601 2385 741 2451 informi
763 2407 803 2450 ex
824 2407 890 2471 qua
910 2382 1142 2472 primordiales

56 2468 149 2530 caulae
170 2464 308 2531 visibilis
331 2482 501 2532 creaturae
522 2469 743 2556 apparitionia
767 2469 833 2532 five
863 2491 924 2554 per
954 2465 1142 2556 generatio·

54 2565 111 2614 aem
129 2551 320 2615 occasiones
343 2569 567 2650 acceperunt,
590 2555 655 2617 five
675 2553 713 2618 in
737 2550 911 2616 effectibus
934 2573 1047 2616 earum
1068 2548 1143 2648 pui-

54 2627 263 2698 buamundus
284 2633 342 2697 ille
364 2637 403 2698 ab
424 2634 526 2698 rnitio
548 2657 656 2724 usque
677 2635 831 2700 adfinem
844 2635 990 2698 naturali
1008 2636 1139 2708 ordine.

53 2711 147 2780 divina
168 2717 351 2803 prudentia
369 2716 576 2783 ministrante
596 2717 778 2806 peragitur.
815 2717 872 2782 sie
893 2717 942 2781 ait
962 2716 1139 2782 dominura
1168 2771 1175 2790 „

53 2796 132 2862 Pater
159 2824 248 2864 meets
276 2823 375 2888 usqne
409 2804 443 2864 iu
471 2823 522 2864 me
548 2817 705 2882 operatur
734 2815 769 2865 et
798 2823 858 2882 ego
888 2822 1015 2882 operor.
1073 2799 1162 2864 Sed·

53 2885 318 2964 quemadmodum
346 2885 566 2960 haeoveluti
593 2885 724 2950 libimet
751 2883 959 2948 adversantia
978 2882 1015 2946 in
1037 2903 1142 2948 unam

53 2970 201 3048 quandam
216 2967 462 3056 intelligentiae
481 2969 637 3055 copulam
655 2965 877 3042 conveniunt,
899 2969 966 3031 hoc
982 2967 1035 3042 ell,
1059 2982 1142 3112 puo-

52 3053 137 3115 nodo
165 3051 280 3115 omnia
307 3051 402 3116 simul
432 3067 466 3116 et
487 3067 621 3116 aeterna
644 3069 678 3116 et
699 3051 787 3116 facta
807 3049 903 3127 lunt,
938 3071 1010 3115 non
1032 3049 1066 3114 lo
1081 3070 1142 3114 um

52 3129 116 3208 tibi,
149 3157 268 3198 verum
291 3135 391 3198 etiam
414 3133 554 3199 etmihi
576 3132 824 3224 diligentiffima
844 3133 984 3200 rationis
1005 3131 1142 3220 inquifi·

50 3211 126 3280 tione
148 3217 290 3305 dignum
313 3219 374 3282 elle
397 3217 542 3284 videtur.
1070 3291 1073 3296 ⁸
1144 3247 1150 3262 ¹

95 3317 124 3376 7.
156 3306 201 3367 D.
238 3301 390 3398 Dignum
413 3300 569 3388 quidem,
601 3305 666 3366 hac
688 3299 779 3366 enim
823 3298 1142 3366 uaestione'nullam

50 3380 185 3449 altiorem
206 3383 458 3470 inqurfitoribus
480 3385 630 3450 veritatis
656 3323 880 3472 quaerendam
903 3384 966 3448 elle
986 3383 1139 3448 arbitror.
1231 3459 1235 3465 Ι

48 3461 168 3532 Etenim
189 3484 230 3531 ut
250 3467 476 3555 praediximur
498 3468 587 3536 facta
604 3469 748 3533 aeternio
763 3483 1003 3556 opponuntur:
1026 3487 1064 3530 ao
1078 3486 1141 3552 per

48 3545 115 3628 hoc,
144 3553 169 3616 li
198 3553 304 3627 facta,
333 3572 403 3616 non
432 3553 511 3615 lunt
539 3567 688 3616 aeterna:
715 3553 917 3629 fleotomo,
946 3569 1017 3613 non
1039 3548 1139 3611 facta.

48 3629 117 3698 Nam
138 3651 178 3699 ut
199 3637 317 3712 eadem
339 3651 373 3706 et
394 3635 527 3700 aeterna
549 3635 643 3698 simul
665 3651 699 3698 et
718 3634 807 3698 facta
827 3633 908 3709 lint,
930 3630 1141 3778 puaratioue

49 3714 145 3782 doceri
164 3721 305 3794 ualeat,
340 3740 412 3783 non
433 3715 519 3782 mihi
541 3715 698 3782 occurrit
739 3715 886 3781 Perinde
907 3739 930 3778 n
978 3711 1070 3777 aliud
1090 3733 1141 3778 re·
1191 3723 1205 3740 ⁸

50 3795 94 3862 lat
118 3817 160 3865 ut
186 3801 319 3873 aellimo
340 3801 403 3867 nifi
423 3817 464 3866 ut
484 3815 543 3866 aut
560 3799 619 3864 ista
639 3797 778 3887 penitus
798 3821 877 3885 prae
897 3795 1004 3863 nimia
1024 3795 1076 3860 lui
1096 3797 1141 3860 al·

49 3878 180 3949 titudine
200 3886 331 3952 lilentio
352 3883 616 3960 honorificetur,
654 3897 716 3948 aut
735 3882 760 3946 li
781 3882 863 3981 quid
883 3879 946 3945 tibi
967 3884 1009 3946 de
1031 3902 1070 3945 ea
1090 3877 1140 3946 vi-

48 3963 132 4030 detur
150 3967 440 4057 investigandum,
469 3963 666 4055 investigare
684 3965 839 4052 inciprae.
882 3967 932 4030 Μ.
952 3967 1141 4050 Utrumque

46 4046 120 4140 nrihi
146 4051 297 4130 videtur,
329 4069 370 4117 ut
390 4068 425 4117 et
447 4053 607 4127 eandem,
638 4063 802 4138 quantum
825 4046 912 4114 acieo
934 4065 1070 4114 contem
1094 4050 1139 4110 la·

46 4133 138 4200 tronie
170 4136 298 4202 nostrae
330 4139 393 4202 deo
421 4133 636 4204 illuminante
657 4157 698 4200 ex
717 4129 826 4200 nimio
847 4129 1041 4198 subtilitatis
1076 4139 1140 4194 uae

46 4206 166 4301 Fulgore
184 4241 258 4286 nou
278 4211 470 4306 repellitur,
491 4215 691 4308 investigare
703 4236 775 4285 uon
789 4215 915 4306 pigeat.
936 4233 981 4282 ne
996 4211 1139 4284 defidiae
