2930 4982
79 561 82 568 ,
151 519 162 538 a
294 487 424 636 patitur
444 486 548 553 Dives
568 487 627 554 ille
647 486 684 552 in
705 485 869 554 iuiembi
904 485 1067 552 Nounel

290 216 373 298 W
626 218 681 290 lle
700 211 1075 290 cumulatam.

294 403 386 474 lecto
406 403 653 492 poeniteutiam
676 417 711 472 et
731 401 900 480 inutilem,
923 421 989 489 qua
1008 401 1139 548 lomqer
1157 399 1268 500 uritur.
1295 401 1373 488 Qutt

295 569 1087 742 uerutottetuuttuu.
1100 485 1375 729 lilioli

172 761 175 773 ·
295 757 364 824 quo
385 735 422 802 in
443 759 564 805 necem
585 739 701 804 exuriit
717 735 981 802 innocentium?
1003 737 1097 800 Haec
1110 735 1255 822 exempla
1272 737 1374 822 depra-

294 819 348 886 via
367 823 530 888 malarum
551 823 768 888 voluntatum
788 819 958 894 motibus,
992 815 1134 905 quoe‘iu
1158 817 1322 904 lemetipfia
1339 817 1378 881 vi·

295 901 423 969 tiorum
454 919 590 1004 torquet
612 903 779 985 justiffima
799 901 970 977 vindicta,
1003 901 1269 989 diversarumque
1286 899 1378 966 libidi·

236 1026 239 1036 ‚
294 1009 379 1052 uum
407 985 581 1054 cicatnees
609 987 789 1052 sufficiunt.
837 983 1077 1084 Unusquisque
1102 985 1194 1050 euim
1230 984 1274 1049 im
1296 983 1325 1050 ie
1341 982 1380 1047 vi·

293 1069 451 1136 veutium
470 1071 542 1158 ipla
562 1069 725 1136 vitiorum
747 1069 912 1145 libidine.
934 1090 1000 1216 qua
1022 1067 1064 1133 ιη’
1080 1089 1181 1132 carne
1202 1007 1317 1144 exurit,
1334 1087 1379 1163 qe·

247 1149 258 1173 ⁸
294 1153 362 1218 luti
390 1157 535 1241 quadam
568 1150 976 1240 flammailnextinguibri
997 1151 1218 1238 torquebitur.
1260 1153 1308 1214 De
1326 1151 1380 1214 dra·

294 1234 483 1303 bolicarum
511 1258 592 1303 reru
620 1238 849 1324 perversarum
876 1235 1092 1300 voluntatum
1126 1232 1287 1322 supplicio
1313 1231 1380 1319 quid

296 1320 391 1386 aliud
421 1319 699 1408 intelligendum,
729 1336 861 1422 praeter
897 1317 1032 1383 illarum
1054 1332 1222 1384 aeternam
1242 1317 1381 1390 refraena·

295 1401 445 1481 tionem,
481 1405 627 1492 suaeque
654 1401 840 1491 impietatia
867 1416 1042 1466 aeternum
1068 1399 1270 1465 interitum?
1304 1401 1382 1484 Quae

297 1486 390 1552 enim
405 1485 553 1636 lgrplvior
580 1508 692 1634 pqrenp
712 1485 839 1636 ilqupio,
856 1506 977 1632 nquam
999 1483 1105 1570 impie
1130 1505 1228 1571 agere
1237 1497 1281 1632 1qt
1297 1480 1384 1580 nemi·

240 1621 242 1626 “
294 1591 405 1718 ltu,
419 1591 537 1720 'tlt
560 1592 707 1719 linio
736 1583 1218 1749 lttelntllsst‘tttt:
1237 1585 1384 1715 titul

294 1736 433 1823 ligavit,
456 1757 516 1802 eoa
536 1736 698 1802 videlicet
718 1735 777 1824 qui
798 1755 834 1799 tn
858 1757 936 1800 eum
972 1756 1005 1798 re
1021 1736 1239 1822 perfecteque
1251 1735 1383 1806 credunt,

295 1823 439 1907 ejueque
461 1823 619 1886 mandata
640 1817 851 1891 custodiunt.
882 1758 1023 1906 pergere
1044 1839 1115 1884 non
1135 1821 1265 1894 valere,
1292 1835 1385 1904 quam·

294 1903 348 1967 via
370 1919 448 1968 ante
467 1901 633 1982 judicium
654 1922 726 1968 non
748 1899 864 1991 puniri
882 1915 1061 2000 precetur3
1084 1902 1142 1968 led
1161 1900 1255 1967 mitti
1274 1899 1308 1964 iu
1326 1918 1386 1985 por·
1430 1931 1431 1936 κ

295 2005 374 2062 coe,
395 1985 595 2052 libidinuloe
614 1984 777 2072 videlicet
797 1988 976 2061 hemanea,
999 1983 1036 2048 in
1081 1983 1184 2050 uibus
1207 1985 1313 2050 adbuc
1330 1982 1385 2044 vim

295 2069 389 2134 luam
418 2065 585 2144 exerceat,
615 2068 731 2134 durius
764 2067 788 2133 li
814 2070 939 2143 auduo,
969 2007 1105 2152 quanio
1127 2071 1171 2134 de
1191 2067 1341 2156 potestate
1357 2063 1386 2127 il·

295 2149 363 2216 liua
383 2151 455 2237 post
473 2150 641 2231 judicium
663 2152 775 2218 omnic
791 2091 993 2216 liberabitur
1006 2167 1175 2228 creatura,
1199 2148 1386 2232 omninoque

189 2239 195 2252 “
297 2233 488 2299 absolvetur
507 2256 526 2298 a
547 2234 729 2313 lert-iture,
755 2236 792 2300 in
816 2233 1024 2322 principium
1050 2235 1165 2312 luum,
1188 2238 1299 2301 Deum
1313 2231 1387 2295 ride·

154 2387 163 2402 ρ
262 2367 274 2396 ,
295 2316 378 2381 licet
399 2316 457 2416 qui
480 2317 524 2382 est
567 2317 653 2384 riuci
680 2319 750 2383 ium
772 2318 927 2384 omnium
948 2332 983 2382 et
1003 2316 1100 2394 finio,
1121 2317 1388 2392 terminandum

295 2397 502 2476 „vilibrlium
523 2342 650 2466 aloini
695 2403 763 2467 atio
788 2401 876 2467 circa
897 2400 1016 2469 mortio
1037 2402 1214 2489 regionem
1228 2416 1262 2466 et
1275 2419 1388 2482 corrup·

295 2481 427 2549 tionem
449 2483 553 2549 finem
576 2484 741 2630 accipiet,
762 2507 823 2584 per
844 2487 1000 2572 magnam
1021 2487 1074 2560 (ut
1095 2486 1142 2550 ait
1161 2489 1203 2550 B.
1226 2483 1387 2576 Maximurl

296 2585 580 2653 communemque
601 2591 637 2632 re
654 2586 897 2642 urrectronem‚
921 2589 1007 2653 quae
1027 2567 1139 2654 giguit
1159 2568 1198 2632 in
1215 2565 1389 2632 immortab-

297 2663 402 2714 tatem
425 2651 599 2716 huminem
620 2652 806 2717 secundum
827 2651 1063 2716 lubfillentiam
1085 2651 1328 2716 immutabilem
1342 2665 1389 2710 no·

295 2731 463 2798 minatum
472 2750 602 2810 natura,
612 2755 697 2822 quae
707 2737 769 2800 elle
777 2755 837 2821 per
846 2735 1098 2832 generationem
1109 2735 1276 2822 succepit3
1291 2749 1390 2797 etcum

297 2819 390 2902 quod
423 2816 568 2902 accipiet
598 2841 659 2904 per
680 2819 819 2917 gratiam
842 2820 1027 2882 lecunrlum
1053 2818 1226 2883 ellentiam
1248 2839 1315 2882 uon
1335 2833 1390 2878 cur·

295 2920 370 2963 rum
397 2898 420 2964 i.
472 2903 524 2966 Ad
546 2904 635 2966 banc
654 2901 760 2986 igrtur
779 2898 917 2965 vilibilia
938 2916 1110 2966 creaturae
1131 2901 1325 2966 servitutem
1345 2895 1390 2960 lol-

295 2923 442 3048 veniam
474 2985 620 3048 Verbum
654 2984 719 3048 Dei
755 2987 858 3049 bomo
898 3007 937 3053 ex
964 2983 1161 3050 hominibus
1193 2979 1392 3070 corporaliter

295 3064 447 3130 nascitur
467 3067 536 3131 fine
555 3082 696 3154 peccato
716 3089 778 3153 per
797 3067 989 3142 homiuem,
1013 3084 1048 3132 et
1069 3067 1263 3154 baptizatur
1275 3067 1310 3130 in
1323 3061 1390 3156 filiu

295 3146 427 3213 litatem
457 3149 679 3234 spiritualem,
709 3171 772 3236 pro
795 3151 895 3216 nobie
915 3150 1107 3216 volunte'rie
1129 3151 1266 3215 lubiena
1287 3145 1391 3214 natin-
1431 3223 1432 3240 ἵ

296 3242 421 3315 tatem3
443 3235 535 3296 Deuo
555 3234 740 3299 secundum
762 3233 947 3309 clientium,
974 3249 1007 3298 et
1022 3234 1088 3298 Dei
1099 3233 1206 3299 Filiue
1226 3231 1391 3298 secundum

296 3327 480 3390 naturam3=
507 3330 547 3379 ut
573 3316 787 3382 nativitatem
808 3339 850 3382 ex
870 3316 1067 3402 corporibus
1090 3317 1273 3382 destrueret
1291 3332 1392 3398 corpo·

296 3393 411 3460 taliter
428 3396 579 3463 nascitur
599 3399 668 3464 fine
688 3415 850 3486 peccato.
873 3415 908 3463 et
931 3421 969 3463 ex
988 3399 1190 3486 baptismate
1205 3400 1243 3466 in
1260 3397 1392 3486 spiritur·

297 3479 365 3542 lem
391 3478 595 3546 filiolitatem
622 3504 684 3570 pro
715 3483 814 3548 nobie
836 3482 947 3548 subire
968 3483 1096 3569 recepit
1116 3483 1332 3548 nativitatem
1349 3497 1392 3542 ut·

296 3575 373 3628 tura
392 3566 496 3629 Deua.
537 3566 643 3631 Adam
665 3564 792 3666 quippe
815 3564 852 3630 iu
876 3565 1125 3632 deificationem
1148 3589 1189 3631 ex
1210 3565 1391 3654 spiritum·

296 3643 465 3712 tivitatern
487 3647 607 3733 sponte
629 3650 685 3714 lua
704 3653 922 3735 relinquent,
945 3665 1044 3714 natue
1066 3650 1110 3713 ell
1130 3671 1171 3716 co
1215 3646 1347 3713 oraliter
1363 3661 1391 3704 11¹

294 3731 568 3817 corruptionem
589 3733 646 3797 led
666 3736 733 3798 hoc
755 3731 927 3798 damnavit
947 3732 1096 3818 optimus
1118 3749 1153 3798 et
1173 3753 1194 3797 c
1211 3752 1326 3796 emeno
1344 3743 1393 3814 pro

296 3810 407 3877 uollro
429 3813 554 3880 delicto
574 3814 825 3894 factuebomo3
861 3831 896 3880 et
916 3816 1160 3882 condemnavit
1181 3815 1326 3901 seipsum
1344 3825 1392 3896 1³¹⁰

297 3894 398 3958 nubit
428 3898 517 3962 solue
546 3897 636 3963 liber-
651 3915 812 3986 peccatu;
841 3913 876 3962 et
896 3920 937 3964 ex
957 3919 998 3964 co
1040 3899 1155 3964 uribue
1176 3896 1275 3964 nacci
1296 3893 1393 3988 digut·

297 3990 353 4039 tua
373 3978 569 4057 nativitate,
606 3980 644 4045 iu
666 4004 731 4068 qua
752 3981 943 4069 potentiam
962 4003 1008 4047 no
1053 4005 1091 4048 ae
1112 3979 1392 4048 condemnationi

298 4057 488 4146 superavit,
521 4063 744 4152 mysticaeque
764 4066 801 4130 iu
822 4063 942 4153 spiritu
965 4063 1088 4131 direxit
1108 4064 1342 4144 nativitatem
1368 4069 1392 4120 el

297 4144 479 4232 corporalis
500 4147 688 4219 nativitatis
712 4151 842 4222 solvent
864 4171 926 4236 pro
949 4149 1048 4226 nobie
1069 4147 1107 4214 iu
1131 4147 1240 4234 leiplo
1260 4143 1389 4212 vincula·
