2856 4978
453 119 468 152 Ι

454 267 562 340 latter
586 266 740 343 verum.
1041 359 1051 390 .
1086 265 1160 340 m

59 449 302 539 reptibiliumc
366 458 482 533 aetatu*⁹
504 475 590 541 quae
609 453 769 522 infimum
788 448 895 520 totiua
912 465 1083 520 creaturae
1098 454 1158 520 ob·
1219 523 1220 530 χ

58 537 162 602 tinent
179 537 315 612 locum,
345 538 592 624 peculatiouern
612 537 781 624 pervenit.
825 539 942 684 (ium
960 536 1158 624 igitur-ona·

18 659 21 668 ·
58 619 146 686 nium
167 640 347 706 corporum
369 621 409 686 ex'
428 637 572 709 quatuor
591 621 793 709 ampliatum
811 623 840 684 E
855 631 1066 687 ementatum
1087 621 1156 687 coi·

56 719 91 799 tu
122 703 399 800 cqrupofitorum‚
431 727 471 770 ex
499 704 652 770 maximia
682 728 790 794 unque
809 706 861 770 -atl
881 703 1023 770 minima
1040 725 1157 802 perve-

57 802 218 850 nientium
250 787 371 874 triplex
388 789 444 854 'est
465 787 706 866 confideratioa
739 787 837 854 aliter
855 786 1004 855 enimin
1026 787 1069 851 ita
1088 810 1158 854 ma·
1258 851 1268 872 ,

56 869 131 934 teria
164 868 360 958 inspicitur.
395 873 491 936 aliter
516 871 642 947 forma,
679 887 714 936 et
734 873 751 936 s
773 871 877 949 ecies,
913 892 999 958 quae
1019 871 1159 938 materia

55 955 194 1036 adjecta,
219 975 321 1018 omne
341 955 484 1020 solidum
506 973 539 1021 at
562 979 606 1020 ue
626 897 776 1021 ienfibiiie
798 975 920 1042 corpua
943 953 1062 1018 efficit:
1090 955 1159 1022 iola

54 1036 208 1122 fiqaitlern
239 1037 377 1134 rqateria
406 1061 521 1106 carena
540 980 662 1127 ipecie
690 1041 823 1106 nullum
858 1059 980 1122 corpas
1013 1036 1156 1185 peraqit,

57 1119 128 1206 quia
156 1134 220 1207 per
246 1122 281 1186 se
306 1122 547 1200 informiaeih
577 1126 706 1202 adjecta
726 1145 806 1189 vero
826 1121 937 1210 lpecie
958 1141 1080 1208 corpue
1126 1137 1159 1186 tt

55 1201 143 1266 aliter
171 1205 309 1270 effentia
340 1222 374 1270 et
409 1205 628 1272 substantialia
648 1207 772 1282 ianua,
804 1228 890 1293 quae
909 1204 1017 1272 veluti
1038 1205 1159 1270 funda·

54 1301 199 1351 mentum
224 1286 399 1354 immobile
419 1291 595 1356 formatam
611 1290 725 1354 suffert
739 1307 774 1354 et
787 1289 943 1355 continet
961 1286 1156 1364 materiatus

55 1369 266 1451 necessarium
294 1388 364 1436 erat
391 1374 635 1439 substantialem
657 1376 860 1440 formamur
876 1370 1017 1440 materia
1036 1372 1158 1438 forma·

55 1469 84 1518 ta
102 1453 296 1520 rationabili
318 1457 477 1526 contuitu
498 1459 678 1548 segregare.
713 1456 861 1522 Maxima
882 1472 994 1521 autem
1017 1473 1158 1553 corpora
1229 1528 1235 1538 ,

54 1536 115 1602 dixi
126 1554 258 1614 terram,
273 1562 404 1634 aquam,
420 1550 504 1617 aera,
523 1545 734 1628 aetheraque,
749 1543 959 1626 coeltunque,
977 1538 1014 1604 in
1034 1539 1157 1625 quibua

55 1619 304 1689 innumerabilia
313 1622 482 1694 minorum
491 1646 681 1712 corporum,
697 1642 731 1690 et
741 1625 941 1697 mediorum,
958 1639 992 1686 et
1002 1639 1159 1690 numero·
1266 1622 1271 1636 '

54 1727 119 1770 turn
141 1706 314 1792 quantitas
337 1708 592 1796 multiplicatur.
637 1711 733 1794 Quae
757 1723 841 1774 tnnc
862 1703 995 1782 bmnia,
1018 1708 1084 1770 hoc
1102 1703 1157 1780 est,

54 1787 205 1868 maxima,
231 1806 266 1856 et
289 1791 418 1867 media,
442 1809 475 1856 et
495 1791 636 1859 minima
659 1815 698 1857 eu
713 1808 858 1880 quatuor
872 1788 1063 1879 puriffimia,
1086 1788 1159 1852 stm-

54 1872 249 1956 plioiffinaia,
288 1873 513 1940 invisibilibus
541 1898 603 1964 per
632 1877 665 1940 le
693 1875 868 1946 elementia
896 1871 1156 1944 constituuntur,

55 1975 148 2040 quum
168 1957 205 2020 in
231 1978 270 2022 ea
290 1959 525 2034 resolvunturt
547 1962 679 2024 nullum
703 1960 795 2024 enim
817 1960 1023 2022 elementum
1041 1977 1103 2041 per
1123 1953 1158 2016 fe

57 2059 207 2126 corporeo
232 2040 329 2106 fenita
350 2041 538 2131 attingitur.
581 2043 617 2108 Si
640 2065 741 2130 ergo,
763 2058 804 2106 ut
820 2037 1002 2128 praedictis
1018 2034 1157 2104 tationi-
1271 2070 1275 2079 ,

56 2122 109 2185 baa
146 2125 411 2192 demonstratum
443 2125 504 2201 est,
540 2141 685 2212 quatuor
710 2126 768 2192 illa
796 2146 880 2212 pura
906 2125 1073 2189 elementa
1100 2117 1156 2182 vel
1221 2183 1248 2216 ¹·

57 2205 134 2270 coeli
152 2209 323 2275 vocabulo
345 2230 363 2273 a
385 2207 555 2296 scriptoria
569 2225 707 2296 propter
725 2211 800 2274 luae
818 2209 958 2274 naturae
973 2201 1157 2288 simplicem

56 2288 208 2358 virtutem
238 2308 480 2360 meruerunta
531 2293 640 2369 ellari,
682 2291 844 2358 nimirum
872 2287 986 2354 omnia
1016 2305 1156 2370 corpora

58 2373 92 2436 ab
112 2374 171 2450 eie,
192 2389 238 2439 et
253 2375 313 2440 iub
336 2375 383 2440 eia
404 2375 461 2440 ine
490 2315 570 2440 abitt
591 2397 709 2442 eoram
728 2375 825 2448 coitu
845 2371 1035 2444 constituta,
1058 2388 1157 2465 aquq·

57 2477 121 2525 runa
145 2458 205 2522 lab
237 2459 335 2524 coelo
361 2460 541 2546 politanum
596 2461 707 2526 offunt
730 2457 871 2524 nomine
901 2453 1155 2540 comprehenda-
1240 2533 1244 2538 Ι

56 2539 119 2604 Nec
143 2541 335 2640 immeritoq
364 2565 443 2610 nam
472 2564 543 2608 non
570 2483 682 2608 ¹iolum
710 2537 887 2609 mutabilia
912 2540 1006 2611 funt,
1037 2555 1156 2631 veruna

57 2622 146 2689 etiam
182 2625 398 2712 generationi
428 2641 462 2691 et
496 2625 708 2713 corruptioni
741 2627 907 2705 subjecta3
942 2619 1001 2684 illa
1029 2634 1156 2712 etentut
1181 2648 1186 2683 t

4 2773 5 2776 ,
57 2725 142 2849 quae.
158 2708 332 2783 coelestia,
362 2711 418 2774 vel
452 2713 605 2780 aetherea
628 2709 788 2774 dicuntur
809 2725 968 2792 corpora.
1001 2718 1155 2797 qfflaml'ss

70 2787 230 2873 piritualia
252 2807 287 2856 et
303 2791 575 2878 incorruptibilia
592 2791 771 2859 videantur
782 2791 855 2864 effe,
876 2785 1056 2852 uccellano
1073 2798 1156 2845 tuac

57 2891 150 3017 quum
182 2894 247 3022 qer
273 2875 526 2960 generationem
555 2891 589 2940 et
610 2873 888 2961 compofitionem
907 2869 1156 2932 inchoaverunt

4 3031 5 3036 γ
80 2955 140 3031 eri,
163 2979 180 3022 a
229 2955 333 3020 finem
355 2958 432 3022 luae
453 2957 631 3022 solutionia
654 2974 688 3022 et
703 2975 800 3020 cortu
827 2944 1158 3034 tioniapervenientr

20 3117 23 3124 ι
58 3037 88 3100 si
107 3056 214 3108 autem
238 3039 386 3106 caelestia
407 3060 547 3127 corpora
568 3038 780 3104 necellariam
801 2975 852 3098 lut
877 3029 1081 3128 solutionen
1102 3049 1155 3092 ex·

57 3138 197 3266 pectant,
220 3123 364 3188 veritate
385 3127 538 3199 dicente,
563 3124 695 3192 Caelum
716 3136 750 3186 et
769 3115 1049 3201 terreperilnnt,
1070 3127 1154 3178 atem

81 3205 227 3285 lalmista,
249 3229 352 3289 opero
372 3231 522 3272 manuum
542 3221 672 3280 tuorum
684 3207 769 3295 jurat
791 3204 888 3274 coeli.
911 3204 948 3282 ip
964 3223 976 3264 ι
991 3193 1154 3295 ρονίὄυητε

4 3305 5 3310 ’
59 3300 89 3349 at
106 3289 219 3355 finilia
242 3291 275 3356 S.
299 3289 370 3356 Scri
396 3307 490 3355 turae
512 3289 716 3366 testimonia,
739 3286 822 3377 quid
838 3285 929 3352 dein
956 3281 1154 3348 miamuntlr

56 3373 247 3458 corporibue
270 3375 314 3438 est
334 3315 593 3448 aefiimandum.
616 3395 703 3462 quae
716 3370 869 3470 quotidie
884 3382 1082 3446 attentatur,
1107 3379 1155 3462 ἓξ·
1181 3425 1185 3434 .

58 3475 116 3598 que
146 3457 347 3522 solvuntur?
377 3463 494 3544 ltaque
521 3459 544 3522 sa
574 3457 628 3522 in'.
642 3477 735 3524 omur
763 3475 902 3542 corpore
923 3453 990 3518 five
1010 3449 1153 3546 coelelb,

78 3560 115 3601 ve
143 3555 294 3616 terreno,
327 3542 393 3620 live
422 3540 579 3627 aquatili,
616 3538 774 3606 instabilia
794 3534 1154 3604 inundatiormatenae

58 3617 444 3710 informia-prospicitu13
466 3623 514 3687 ita
535 3623 627 3688 enim
650 3621 826 3695 definitur,
860 3616 1065 3686 materiatelt
1082 3633 1155 3712 rnu-
1275 3664 1278 3672 .

61 3703 196 3773 tabilitae
218 3727 331 3772 rerum
351 3705 566 3774 mutabilium
586 3725 690 3794 capax
711 3701 1081 3780 omnium‘tormuum,
1102 3702 1163 3794 3¹¹³

4 3821 5 3830 κ
59 3785 271 3878 llabilitaaque
296 3784 468 3859 mutabilia
498 3789 658 3865 formes
680 3809 747 3876 qua
776 3781 1007 3873 ipianuatcaia
1026 3777 1152 3870 specifi-

59 3885 123 3934 cata
149 3873 330 3950 formatur;
360 3873 430 3961 ipsa
455 3892 604 3960 nmque
631 3871 676 3938 est
696 3867 893 3958 qualitativa
912 3867 1053 3942 foama,.
1068 3883 1154 3951 quae
1265 3907 1271 3934 ,

61 3956 208 4032 adjuncta
228 3957 386 4024 materiae
407 3971 534 4043 corpue·
545 3955 664 4025 efficit:
687 3950 916 4042 qualitativam
934 3950 1071 4036 quidem
1088 3947 1153 4011 for·

59 4055 138 4104 mm
159 4040 236 4112 dico
257 4041 368 4117 illam,
393 4057 489 4129 ¹quae
509 4041 551 4106 'eet
570 4037 732 4128 qualitate
751 4035 877 4111 sumta,
911 4050 946 4098 et
964 4030 1155 4132 ¹quantitate

64 4115 195 4190 suune
226 4123 395 4213 corporeie
423 4139 583 4212 apparet,
617 4119 843 4208 materiaeque
870 4118 1012 4184 instabili
1034 4117 1153 4180 adhae-

64 4217 147 4281 Μ’,
167 4227 244 4276 autu
264 4207 335 4297 ipla
355 4209 484 4296 [emper
502 4209 663 4285 fluctuat,
690 4201 943 4296 generationem
964 4215 1000 4266 et
1018 4203 1153 4282 corrup·
