2922 4978
367 163 371 168 Ι
467 223 608 294 -tcter
628 225 793 308 Qnaruo.
859 276 861 280 -
960 230 965 240 '
1119 225 1195 298 419

92 408 217 474 semina
238 407 405 472 nutriunt.
433 409 478 474 Et
497 411 564 474 boc
584 407 629 476 est
670 410 739 474 uod
760 407 911 556 superius
931 407 1076 478 irtfinuat
1094 413 1193 502 scrip·

89 509 166 556 tura
186 491 244 556 ubi
267 489 332 554 ait:
356 491 458 558 Vidit
478 495 582 576 igitur
666 497 716 557 ier
732 515 794 578 quo
839 491 954 557 bortum
974 492 1056 642 pffet
1070 497 1192 580 lignum

61 629 65 644 .
88 577 137 640 ad
154 575 362 652 uescendum,
385 589 420 639 st
437 579 583 658 pulcrum
602 580 704 643 oeulis
723 572 919 667 aspectuque
927 573 975 642 'ric
988 581 1135 654 rotabile,
1158 595 1193 646 et

88 661 170 724 tulit
198 661 240 722 cle
262 651 386 747 fructu
417 661 469 724 illi
490 676 525 725 et
543 664 702 740 comedit,
737 663 893 746 diditque
912 665 987 746 uiro
1004 658 1075 748 sao.
1118 667 1193 729 Mu·

87 743 205 808 lierem
226 741 386 807 videlicet
407 744 547 831 figurate
569 745 765 828 exteriorem
786 746 915 810 sensum
933 749 1120 834 appellans,
1142 769 1192 812 re·

85 843 163 890 rum
193 819 396 890 senbbilium
448 829 603 895 hantafiis
632 831 833 895 delectatum
862 845 961 916 atque
993 834 1190 916 deceptum:

86 907 153 974 viri
191 925 304 982 autem
341 851 565 1010 appellatione
597 913 747 978 animum
778 912 965 1000 significans
996 914 1054 1002 qui
1083 911 1193 978 sensui

85 1011 249 1080 corporeo
282 992 654 1076 illiciteJconsentiens,
686 996 927 1082 corrumpitur,
959 1001 1026 1063 hoc
1049 998 1193 1084 estfcon·

85 1076 307 1162 templatione
329 1076 470 1144 intimae
489 1078 639 1146 veritatis
660 1082 859 1168 segregatur.
959 1103 961 1112 ’
1102 1104 1104 1111 “

148 1171 202 1238 Ώ5.
231 1162 371 1226 Mulieri·
387 1181 510 1250 quoque
530 1163 639 1242 dicte,
675 1164 901 1246 multiplicabo
923 1160 1206 1244 aerumnartuot

87 1255 122 1304 et
141 1257 319 1324 conceptus
338 1259 431 1323 τηου
466 1253 501 1310 in
519 1249 630 1314 labore
647 1252 760 1330 paries
770 1248 874 1341 filies.
917 1247 984 1328 Ubi·
1003 1271 1020 1311 a
1047 1261 1116 1310 erte
1138 1250 1191 1310 da·

86 1341 148 1424 tur·
162 1325 327 1416 intelligi,
354 1331 489 1416 quodsi
509 1325 612 1398 horn'o
634 1351 705 1397 non
726 1345 896 1419 peccaret,
909 1347 991 1394 ἔπιοιι
1014 1271 1120 1395 iilum
1141 1328 1192 1394 in·

86 1409 202 1473 terrori
224 1409 418 1488 intellectu,
441 1433 558 1480 verum
580 1415 689 1479 etiam·
703 1414 858 1480 exteriori
880 1411 976 1478 sensu
992 1427 1126 1477 naturas
1142 1427 1208 1477 re·'

85 1513 159 1555 rum
187 1509 223 1558 et
250 1494 397 1574 rationes
426 1498 553 1564 summa
583 1498 767 1574 facilitate,
802 1497 894 1578 omni
922 1496 1193 1562 ratiocinationis

86 1573 276 1642 neceffitrts
300 1581 488 1657 absolutus,
509 1581 679 1668 purissime
696 1581 988 1666 contemplaretur.
1015 1581 1192 1666 Postquam

84 1679 166 1726 vero
187 1661 365 1758 peccavit,
387 1686 448 1748 per
469 1686 593 1752 organa
615 1663 785 1730 exterioris
806 1666 917 1728 sensus
939 1684 1009 1727 non
1031 1663 1093 1726 nisi
1108 1665 1191 1730 solas
1218 1687 1222 1696 “
1264 1721 1270 1734 .

84 1740 287 1809 sensibilium
309 1746 517 1830 superficies,
542 1764 576 1812 et
597 1747 820 1835 quantitates,
846 1763 879 1812 et
895 1745 1090 1833 qualitates,
1112 1747 1192 1822 situs

84 1845 238 1970 proque,
262 1843 296 1891 et
317 1829 555 1908 habitudines,
579 1847 775 1920 caeteraque
796 1851 881 1916 quae
903 1849 1064 1916 corporeo
1081 1829 1193 1895 sensui

80 1911 329 1984 accumbunt.
365 1912 496 1980 animus
525 1914 688 2000 percipite
722 1929 756 1978 et
788 1915 877 1978 haec
904 1910 1018 1978 omnia
1040 1932 1111 1979 non
1131 1931 1192 2001 per

83 1991 242 2076 seipsum,
273 1994 331 2058 sed
361 2019 421 2081 per
444 2018 559 2063 eorum
580 1998 765 2084 phantasias
786 1996 944 2082 attingit,
977 2015 1057 2082 quus
1075 1999 1192 2082 ,secum

84 2088 228 2140 tractans
253 2077 348 2140 suum
369 2080 533 2157 judicium
555 2079 736 2167 saepissime
758 2080 863 2146 fallit:
892 2099 931 2143 aa
951 2095 1012 2165 pet
1032 2083 1191 2146 boc-non

82 2159 151 2223 fine
172 2159 418 2246 multiplicibus
440 2164 622 2228 studiorum
642 2163 813 2229 laboribus
834 2179 918 2251 quos
931 2179 1192 2228 aerumnasrnu·

82 2241 173 2307 lieris
193 2244 356 2328 scriptura
375 2246 547 2320 nominat,
571 2251 612 2311 ad
638 2245 843 2334 multiplices
864 2262 1067 2333 conceptus,
1088 2247 1126 2312 id
1147 2245 1192 2311 est

83 2330 125 2390 ad
155 2327 393 2392 inchoationes
420 2327 687 2416 intelligibilium
720 2338 831 2393 reru'm
852 2327 1115 2415 intelligentiae,
1145 2348 1191 2395 at·
1290 2363 1298 2376 r

84 2431 149 2498 que
170 2409 277 2486 filios,
307 2414 373 2476 boc
395 2411 439 2475 est
465 2428 572 2477 rectae
590 2412 759 2487 rationes,
784 2416 825 2477 de
845 2427 1094 2479 naturarerum
1115 2435 1192 2500 pro·

84 2497 247 2560 creandos
267 2515 329 2579 per
350 2499 495 2572 eundern
517 2496 647 2560 sensum
667 2495 773 2581 potest
792 2494 979 2581 pervenire.
1009 2499 1192 2584 Propterea

83 2594 196 2644 autem
218 2597 411 2654 aerumnas,
437 2594 471 2642 et
491 2577 883 2664 conceptus,›-liliosque
905 2577 1061 2643 exteriori
1082 2579 1192 2643 sensui

82 2660 202 2726 divina
225 2664 363 2747 deputat
385 2660 583 2739 auctoritas,
607 2683 711 2748 quum
729 2681 830 2725 omne
848 2659 992 2724 [ludium
1009 2661 1191 2748 sapientiae

82 2743 263 2829 omnisque
294 2744 417 2828 mentis
446 2744 639 2842 conceptio,
654 2763 806 2831 puraque
825 2742 976 2807 veritatis
998 2744 1150 2829 cognitio
1172 2763 1193 2808 a

80 2829 228 2892 sensibus
258 2828 409 2914 eorporis
438 2827 624 2914 auspicium
656 2830 814 2902 sumunt,
845 2829 889 2890 ab
910 2824 1127 2898 inserioribus
1149 2829 1192 2892 ad
1235 2907 1236 2912 ἵ

80 2910 253 2997 superiora
274 2925 310 2974 et
330 2913 370 2994 ab
393 2911 614 2976 exterioribus
635 2913 677 2974 ad
699 2909 860 2976 interiora
880 2907 1014 2974 ratione¹
1030 2925 1032 2930 ·
1049 2908 1192 2975 radatim

82 2995 297 3060 ascendente.
340 2999 389 3058 Et
406 2989 475 3086 sub
499 2998 567 3058 viri
585 3007 665 3076 pote
696 3008 753 3058 ute
773 2998 838 3058 eris
861 3007 895 3057 ct
918 2986 990 3088 ipse
1011 2931 1190 3082 {minmi-

79 3093 138 3142 tur·
166 3081 228 3142 tui.
270 3081 308 3141 ln
339 3081 406 3143 boc
433 3079 510 3143 loco
532 3094 651 3142 natura
665 3080 693 3142 le
714 3077 843 3143 ordinis
862 3079 1030 3142 humanae
1050 3093 1191 3142 naturae
1361 3153 1364 3160 ¹

79 3160 247 3226 restitutio
277 3159 394 3226 divina
424 3181 510 3227 voce
530 3161 742 3247 promittitur
760 3177 796 3226 et
814 3161 852 3224 ln
875 3159 1053 3248 antiquum
1072 3161 1192 3226 statum
1267 3223 1275 3238 ,

78 3241 292 3312 conditionis
311 3245 465 3309 rerersro.
510 3246 602 3310 Ordo
624 3244 784 3331 siquidem
805 3243 966 3309 naturalis
988 3245 1067 3310 esset
1084 3243 1192 3310 srani-
1286 3299 1291 3308 .

79 3350 159 3393 mus
181 3326 232 3390 sui
252 3327 411 3391 creatoris
456 3327 585 3392 otestati
606 3327 758 3392 subditus
780 3344 879 3414 atque
896 3328 1056 3394 obediens
1073 3331 1191 3393 adhae-

76 3425 186 3476 reret:
218 3351 473 3476 terraciensis
493 3410 692 3498 potestatem·
708 3427 899 3496 nutumque
925 3409 1030 3476 animi
1046 3411 1192 3476 libenter

77 3496 292 3580 sequeretur,
331 3514 453 3579 corpus
476 3511 588 3558 autem
610 3494 719 3558 sensui
739 3495 980 3560 succumberet.
1023 3493 1080 3558 Sic
1099 3515 1192 3558 nam·
1246 3495 1251 3522 ¹

77 3598 149 3665 que
166 3597 233 3663 pax
254 3591 290 3640 et
308 3574 482 3642 harmonia
502 3575 603 3663 ipsius
626 3591 813 3652 creaturae,
837 3592 871 3641 et
891 3575 928 3640 in
947 3575 1050 3662 seipsa
1067 3590 1192 3640 etcum

76 3675 232 3728 creatore
253 3660 313 3724 suo
334 3658 440 3725 steret.
482 3663 553 3724 lam
573 3681 655 3725 vero
677 3653 749 3748 post
770 3657 1060 3745 transgresionem
1082 3657 1192 3723 diuini

76 3741 234 3809 mandati
260 3741 338 3824 talis
375 3745 458 3810 ordo
487 3745 530 3809 ad
563 3765 664 3830 quem
691 3735 957 3810 conservandum
987 3756 1116 3807 creatus
1148 3741 1193 3806 esi

77 3829 203 3902 homo,
239 3825 383 3914 talisque
437 3849 477 3890 ax
504 3843 541 3892 et
560 3828 674 3892 unitas
695 3827 853 3893 creatoris
875 3841 910 3892 et
930 3841 1100 3890 creaturae
1119 3845 1194 3913 per·

78 3913 255 3986 turbatur:
272 3915 380 3993 'homo
448 3909 563 3976 uidem
583 3912 704 3999 sponte
725 3913 803 3986 sua,
830 3911 924 3975 nulla
946 3907 1118 3976 occafione
1138 3929 1193 3974 co·

79 4009 203 4141 pente,
235 4015 345 4059 rerum
378 3933 580 4060 renisurum
602 4015 715 4076 amore
736 4010 932 4082 corruptus,
964 3995 1076 4060 Deum
1096 3993 1193 4057 suum

106 4077 249 4152 eseruit;
287 4075 344 4142 cui
365 4080 543 4144 adhaerere
563 4080 669 4145 solum
691 4083 819 4145 bonum
842 4079 886 4142 est
906 4080 1073 4144 humanae
1095 4092 1192 4141 natu·

81 4181 141 4224 rae
163 4175 198 4224 et
218 4178 289 4226 non
311 4159 413 4226 aliud.
455 4165 604 4248 Ideoque
623 4167 715 4228 Deus
738 4159 1112 4249 superbiamhurna'nae
1134 4179 1193 4226 aa·
1224 4193 1231 4212 ·
1258 4175 1264 4186 '

709 4279 789 4348 sl*
