2856 4978
409 271 413 277 ·
476 245 584 318 uter
602 247 771 333 thm.
1098 249 1178 322 86³

64 431 190 499 rationi
210 431 359 498 occurrit
380 451 440 518 per
461 453 560 521 quam
582 431 743 500 discimus
764 431 801 497 in
822 435 971 500 humana
988 435 1175 503 mnneaioss

63 539 108 582 ue
140 538 160 580 a
189 521 263 582 Deo
297 516 434 605 quidem
464 518 614 582 animum
647 514 882 600 administrarit
915 521 956 583 ab
978 519 1038 584 illo
1060 528 1175 586 autem

62 594 269 665 materialem
297 601 439 664 nostram
468 601 573 666 vitam
604 604 684 666 dum
715 600 752 664 in
781 617 918 675 natura,
953 604 1020 668 hoc
1042 604 1104 677 est,
1135 602 1174 668 iu

59 683 213 769 imagine
244 682 349 747 animi
376 700 511 767 manet3
543 685 567 748 fi
597 702 708 749 autem
738 683 849 748 aversa
880 683 985 748 fuerit
1015 702 1174 752 anatura

61 766 167 831 etiam
189 766 229 830 ab
251 765 322 854 ipsa
343 789 428 854 quae
447 768 491 831 est
508 790 570 852 per
592 768 760 841 animum,
783 789 803 831 o
831 768 980 832 eratione
1000 769 1171 834 alienari.”

58 849 211 915 Proinde
230 850 255 914 fi
275 849 350 936 quia
371 850 536 937 praedicti
557 849 726 950 Theologi
746 791 847 914 veria
869 851 1022 915 intentus
1042 854 1173 938 perspe·

56 933 164 1007 uerit,
194 954 256 1018 per
284 949 394 998 totum
424 933 584 999 fermonia
616 939 657 1000 de
688 933 841 1018 imagine
868 950 998 1002 textum
1019 932 1174 1000 inveniet

56 1015 337 1082 constitutionem
359 1017 463 1083 totiua
487 1017 635 1082 hominia
657 1017 692 1081 in
714 1018 820 1083 tribua
843 1017 1043 1102 quibusdam
1064 1017 1174 1082 veluti

56 1098 254 1184 eompofitia
276 1110 489 1166 concretamt
513 1101 550 1164 in
573 1100 687 1166 animo
708 1101 869 1164 videlicet
891 1117 925 1164 et
946 1101 1042 1166 vitali
1063 1118 1171 1178 motu,

56 1202 164 1271 quem
190 1183 261 1268 ipse
289 1185 479 1271 aliquando
492 1182 658 1258 fluxilem,
694 1183 874 1270 aliquando
894 1185 1102 1248 materialem
1122 1185 1174 1248 vi·

57 1282 129 1330 tarn
152 1268 315 1412 appellat:
339 1268 429 1331 etin
449 1265 611 1341 materia,
634 1268 680 1332 ita
702 1283 741 1330 ut
762 1283 854 1346 totus
875 1270 978 1332 homo
1001 1269 1115 1333 animo
1138 1284 1173 1332 et

55 1366 199 1414 matema
215 1349 225 1411 i
246 1349 314 1415 vita
338 1366 373 1416 et
391 1337 462 1436 ipsa
483 1349 621 1415 materia
641 1352 789 1416 constare
804 1349 1034 1438 intelligatur:
1053 1367 1086 1415 et
1102 1350 1172 1416 aui·

53 1453 134 1498 mua
156 1431 313 1518 quidem,
335 1434 371 1497 in
396 1457 463 1520 quo
487 1447 562 1500 tota
581 1435 712 1498 animae
734 1434 843 1498 virtue
866 1435 1008 1510 constat,
1032 1439 1074 1498 ad
1089 1434 1172 1500 ima·

55 1516 175 1604 ginem
198 1515 263 1579 Dei
287 1517 395 1582 factue
419 1533 453 1582 et
475 1518 596 1582 lummi
617 1518 699 1582 boni
723 1519 913 1602 speculum,
949 1517 1112 1614 quoniam
1133 1518 1170 1582 in

54 1623 96 1664 eo
123 1598 260 1663 divinae
282 1602 438 1666 effantiae
457 1600 804 1687 incomprelpenfibilie
825 1601 934 1664 forma
955 1601 1118 1666 meffabili
1137 1617 1172 1665 et

55 1683 176 1748 incom
202 1684 392 1747 rehenfihili
426 1687 528 1749 modo
555 1685 701 1748 resultat.
749 1683 932 1750 Materialia
955 1700 1067 1748 autern
1088 1684 1170 1758 vita,

53 1788 145 1854 quae
181 1765 355 1850 pecialiter
375 1767 463 1832 circa
483 1767 655 1831 materiam
678 1768 827 1831 versatur
851 1783 890 1830 et
905 1784 1083 1853 propterea
1103 1789 1173 1832 ma-

53 1848 185 1914 terialia
207 1849 347 1924 dicitur,
371 1851 450 1937 quia
469 1849 689 1916 mutabilitati
711 1850 887 1924 materiae,
911 1851 948 1914 id
970 1852 1030 1924 est,
1054 1873 1173 1936 corpo·

51 1933 99 1998 rie
130 1935 306 2008 adhaeret,
342 1933 455 2021 imago
479 1938 644 2021 ¹quaedam
672 1934 776 1998 animi
799 1934 841 1998 ell
865 1948 898 1997 et
918 1949 958 1997 ut
979 1933 1051 2020 ipse
1075 1933 1170 2010 dicit,

51 2016 233 2102 speculum
261 2016 408 2103 speculi3
437 2017 486 2082 ita
515 2033 555 2082 ut
582 2018 714 2082 animus
745 2017 882 2082 divinae
903 2032 1042 2081 naturae
1064 2017 1172 2094 fouua

50 2101 109 2164 fit:
140 2097 255 2162 vitalia
277 2117 389 2164 autem
410 2107 542 2177 motus,
574 2101 631 2186 qui
657 2101 756 2166 etiam
779 2100 960 2164 materialia
980 2100 1052 2165 vita
1073 2123 1172 2166 voca·
1262 2140 1264 2144 .

49 2181 263 2257 tnr,.forma
284 2184 322 2247 fit
344 2184 467 2259 animi,
491 2206 530 2248 ac
550 2183 657 2248 veluti
679 2186 824 2250 secunda
845 2185 974 2271 imago:
995 2207 1172 2271 perquam

50 2267 161 2331 ctiam
183 2266 315 2332 animae
335 2269 495 2332 materiae
518 2268 661 2353 speciem
683 2270 832 2354 praestat.
862 2271 910 2332 Ac
932 2290 993 2354 per
1012 2271 1079 2333 hoc
1093 2289 1173 2353 qua·

52 2353 135 2416 dam
170 2349 303 2415 ratione
333 2373 393 2437 per
421 2353 589 2415 humanae
614 2367 755 2415 naturae
784 2351 1059 2437 consequentiam
1081 2367 1173 2415 totus

48 2437 162 2499 homo
185 2435 235 2498 ,ad
264 2431 447 2520 imaginem
476 2433 542 2497 Dei
572 2435 681 2498 factus
711 2455 782 2500 non
812 2434 1000 2520 incongrue
1026 2434 1171 2499 diciturr

73 2515 213 2581 uamvia
249 2537 312 2616 pro
337 2517 387 2581 rie
417 2531 452 2581 et
480 2516 714 2605 principaliter
743 2517 782 2586 in
812 2518 882 2581 [olo
913 2515 1029 2582 animo
1057 2517 1171 2604 imago

50 2539 227 2666 lubfistere
247 2543 475 2687 intelligatur,
500 2621 540 2665 eo
561 2601 682 2665 ordine
702 2615 743 2664 ut
763 2599 897 2664 animus
911 2599 1081 2686 quideme
1095 2603 1171 2664 Deo

48 2686 154 2750 nulla
183 2682 246 2748 alia
277 2683 472 2771 interpofita
500 2693 666 2748 creatura:
699 2682 811 2748 vitalia
843 2699 957 2748 autem
983 2697 1098 2748 motus
1129 2685 1170 2747 ab

46 2767 192 2842 animo,
226 2769 390 2854 postremo
411 2789 452 2832 ex
472 2766 568 2831 vitali
589 2783 686 2832 motu
706 2765 845 2831 materia
866 2765 1080 2831 formationis
1095 2784 1192 2842 cau-¹

46 2853 125 2917 fam
148 2849 310 2936 accipiatt
332 2851 379 2915 ita
400 2866 440 2916 ut
458 2850 597 2916 materia
619 2851 757 2915 vitalem
777 2865 910 2914 motum
925 2850 1099 2937 sequatur,
1121 2847 1173 2911 vi·

46 2936 133 3000 talia
154 2949 268 3025 mojam
290 2933 458 3018 animum,
482 2933 614 3030 animoa
635 2932 743 3019 ipsum
765 2937 895 2999 Deum:
918 2937 959 3011 ad
978 2954 1079 3020 quem
1092 2952 1172 2996 con-
1277 2990 1282 3004 ,

45 3018 174 3084 versuo
204 3033 344 3082 naturae
374 3019 451 3082 suae
476 3016 707 3104 integratatem
728 3033 762 3081 et
780 3014 1046 3104 pulcritudinem
1068 3015 1173 3080 custo-

47 3104 127 3170 dita
163 3102 298 3165 aversata
314 3121 395 3166 vero
417 3101 457 3164 ab
480 3122 536 3176 eo,
560 3116 594 3164 et
615 3100 757 3200 seipsum
777 3117 816 3164 et
838 3121 922 3187 quae
942 3099 1002 3165 libi
1022 3101 1172 3178 subjecta

44 3187 157 3260 suut,
181 3184 386 3251 materialem
407 3183 513 3248 vitam
535 3183 631 3258 dico,
654 3184 826 3272 ipsamque
845 3183 1020 3250 materiam
1039 3181 1173 3270 diffipat

44 3285 162 3356 atque
186 3269 360 3333 deformat.
388 3271 454 3334 Sed
475 3267 680 3354 iple‘vitalie
702 3284 815 3334 metue
836 3290 907 3334 non
922 3288 1059 3355 parvam
1072 3287 1172 3354 quae·

42 3353 202 3418 stionem
229 3350 349 3439 gignit.
408 3350 591 3436 Quaeritur
622 3351 718 3416 enim
742 3367 857 3416 utrum
887 3355 930 3418 ad
956 3348 1172 3415 substantiam

42 3433 210 3502 hominia
231 3435 401 3521 pertineat
419 3455 546 3499 necne:
581 3447 615 3498 et
638 3435 662 3499 fi
682 3455 753 3500 non
774 3435 943 3522 pertinet,
976 3455 1038 3499 eur
1056 3433 1171 3518 imago

42 3517 219 3618 imaginis
253 3518 395 3591 dicitur,
424 3521 492 3581 hoc
514 3515 575 3592 est,
610 3515 677 3581 ima
702 3539 722 3583 o
744 3517 867 3594 animi,
897 3534 931 3582 et
952 3539 1018 3603 qua
1037 3513 1173 3580 rationo

70 3627 113 3669 er
135 3602 250 3688 apium
270 3599 429 3681 materiae
451 3599 584 3664 animus
599 3541 739 3686 praellat
754 3602 913 3668 formam:
932 3600 958 3665 fi
974 3599 1172 3666 autemlub·

12 3713 18 3722 ·
40 3629 254 3752 laudaliter
274 3685 349 3749 talia
369 3683 441 3748 vita
461 3682 545 3748 inest
564 3683 716 3760 homini,
748 3705 850 3770 quare
872 3687 976 3748 homo
998 3703 1038 3746 ex
1059 3681 1173 3745 anima

43 3769 273 3836 solummodo
304 3783 338 3832 et
360 3787 501 3865 corpore
526 3767 672 3832 constare
693 3767 907 3853 perhibeturt
941 3781 976 3830 et
996 3785 1097 3851 quare
1120 3764 1172 3829 so·-

40 3857 126 3920 luta
148 3849 290 3917 materia
311 3850 368 3915 illa
388 3869 460 3915 vrta
479 3850 517 3914 in
538 3852 633 3915 nullo
654 3849 882 3936 intelligitur?
918 3851 997 3914 Non
1020 3847 1172 3912 enimin

37 3935 198 4006 materia
218 3950 349 4009 manet,
372 3955 457 4020 quae
477 3939 543 4013 jam
566 3933 661 3999 omni
680 3949 779 3998 motu
798 3931 895 3996 vitali
911 3931 1072 3998 deseritur
1088 3933 1171 3996 dum

37 4016 245 4111 praeseutia
272 4016 492 4090 substantialia
519 4016 611 4081 vitae
636 4039 722 4104 quae
753 4015 864 4080 anima
898 4015 959 4091 est,
997 4014 1170 4113 privatur:

36 4127 118 4173 nec
140 4102 190 4184 in,
202 4100 316 4167 anima
334 4101 499 4168 lublistere
521 4101 733 4188 dignoscitur
753 4121 838 4186 quae
850 4099 922 4185 post
935 4121 1087 4185 regimen
1099 4120 1172 4164 cor·

34 4187 149 4280 potia
182 4187 316 4280 uullaup
347 4187 391 4249 ad
417 4184 590 4268 materiam
614 4201 753 4276 motum
773 4183 912 4271 patitur.
956 4185 1172 4270 Quapropter

677 4307 717 4369 93
