<?xml version="1.0" encoding="UTF-8"?>
<!DOCTYPE html PUBLIC "-//W3C//DTD XHTML 1.0 Transitional//EN"
    "http://www.w3.org/TR/xhtml1/DTD/xhtml1-transitional.dtd">
<html xmlns="http://www.w3.org/1999/xhtml" xml:lang="en" lang="en">
 <head>
  <title>
</title>
<meta http-equiv="Content-Type" content="text/html;charset=utf-8" />
  <meta name='ocr-system' content='tesseract 3.04.00' />
  <meta name='ocr-capabilities' content='ocr_page ocr_carea ocr_par ocr_line ocrx_word'/>
</head>
<body>
  <div class='ocr_page' id='page_1' title='image "./johannisscotier00schlgoog_0406.png"; bbox 0 0 2856 4978; ppageno 0'>
   <div class='ocr_carea' id='block_1_1' title="bbox 273 205 1217 378">
    <p class='ocr_par' dir='ltr' id='par_1_1' title="bbox 273 205 1217 378">
     <span class='ocr_line' id='line_1_1' title="bbox 273 205 1217 378; baseline -0.002 -53"><span class='ocrx_word' id='word_1_1' title='bbox 273 205 293 226; x_wconf 79' lang='grc'><strong>”</strong></span> <span class='ocrx_word' id='word_1_2' title='bbox 395 249 784 378; x_wconf 11' lang='lat' dir='ltr'><strong>Umerorum.</strong></span> <span class='ocrx_word' id='word_1_3' title='bbox 1114 247 1217 323; x_wconf 80' lang='lat' dir='ltr'><strong>ooo·</strong></span> 
     </span>
    </p>
   </div>
   <div class='ocr_carea' id='block_1_2' title="bbox 83 423 1244 871">
    <p class='ocr_par' dir='ltr' id='par_1_2' title="bbox 83 423 1244 871">
     <span class='ocr_line' id='line_1_2' title="bbox 89 423 1244 524; baseline -0.001 -22"><span class='ocrx_word' id='word_1_4' title='bbox 89 433 191 514; x_wconf 81' lang='lat' dir='ltr'><strong>alibi,</strong></span> <span class='ocrx_word' id='word_1_5' title='bbox 213 434 272 516; x_wconf 80' lang='lat' dir='ltr'><strong>lab</strong></span> <span class='ocrx_word' id='word_1_6' title='bbox 292 433 521 524; x_wconf 67' lang='lat' dir='ltr'><strong>personaviri</strong></span> <span class='ocrx_word' id='word_1_7' title='bbox 540 435 623 518; x_wconf 74' lang='lat' dir='ltr'><strong>jude</strong></span> <span class='ocrx_word' id='word_1_8' title='bbox 642 434 811 512; x_wconf 77' lang='lat' dir='ltr'><strong>viventis,</strong></span> <span class='ocrx_word' id='word_1_9' title='bbox 834 451 950 500; x_wconf 72' lang='lat' dir='ltr'><strong>omnes</strong></span> <span class='ocrx_word' id='word_1_10' title='bbox 969 432 1070 516; x_wconf 86' lang='lat' dir='ltr'><strong>julloo</strong></span> <span class='ocrx_word' id='word_1_11' title='bbox 1089 423 1219 501; x_wconf 58' lang='lat' dir='ltr'><strong>beatle‘</strong></span> <span class='ocrx_word' id='word_1_12' title='bbox 1242 461 1244 466; x_wconf 54' lang='lat'><strong><em>¹</em></strong></span> 
     </span>
     <span class='ocr_line' id='line_1_3' title="bbox 88 512 1193 622; baseline -0.004 -36"><span class='ocrx_word' id='word_1_13' title='bbox 88 521 218 596; x_wconf 55' lang='lat' dir='ltr'><strong>haue,</strong></span> <span class='ocrx_word' id='word_1_14' title='bbox 251 529 311 605; x_wconf 76' lang='lat' dir='ltr'><strong>qut</strong></span> <span class='ocrx_word' id='word_1_15' title='bbox 331 536 425 586; x_wconf 80' lang='lat' dir='ltr'><strong>mort</strong></span> <span class='ocrx_word' id='word_1_16' title='bbox 444 531 599 606; x_wconf 76' lang='lat' dir='ltr'><strong>tanquum</strong></span> <span class='ocrx_word' id='word_1_17' title='bbox 619 521 742 602; x_wconf 78' lang='lat' dir='ltr'><strong>lignwn</strong></span> <span class='ocrx_word' id='word_1_18' title='bbox 762 519 851 606; x_wconf 79' lang='lat' dir='ltr'><strong>quod</strong></span> <span class='ocrx_word' id='word_1_19' title='bbox 869 519 1058 602; x_wconf 73' lang='lat' dir='ltr'><strong>plantatum</strong></span> <span class='ocrx_word' id='word_1_20' title='bbox 1077 517 1127 606; x_wconf 84' lang='lat' dir='ltr'><strong>est</strong></span> <span class='ocrx_word' id='word_1_21' title='bbox 1136 512 1193 622; x_wconf 63' lang='grc' dir='ltr'><strong>[α.ὶ</strong></span> 
     </span>
     <span class='ocr_line' id='line_1_4' title="bbox 87 600 1223 692; baseline -0.001 -24"><span class='ocrx_word' id='word_1_22' title='bbox 87 625 146 668; x_wconf 83' lang='lat' dir='ltr'><strong>cres</strong></span> <span class='ocrx_word' id='word_1_23' title='bbox 165 600 318 692; x_wconf 78' lang='lat' dir='ltr'><strong>decursus</strong></span> <span class='ocrx_word' id='word_1_24' title='bbox 337 626 515 691; x_wconf 64' lang='lat' dir='ltr'><strong>equorum</strong></span> <span class='ocrx_word' id='word_1_25' title='bbox 536 608 604 669; x_wconf 91' lang='lat' dir='ltr'><strong>hoc</strong></span> <span class='ocrx_word' id='word_1_26' title='bbox 625 605 670 668; x_wconf 87' lang='lat' dir='ltr'><strong>est</strong></span> <span class='ocrx_word' id='word_1_27' title='bbox 689 619 745 688; x_wconf 80' lang='lat' dir='ltr'><strong>tan</strong></span> <span class='ocrx_word' id='word_1_28' title='bbox 770 624 848 667; x_wconf 87' lang='lat' dir='ltr'><strong>uam</strong></span> <span class='ocrx_word' id='word_1_29' title='bbox 868 603 1008 666; x_wconf 87' lang='lat' dir='ltr'><strong>verbum</strong></span> <span class='ocrx_word' id='word_1_30' title='bbox 1030 603 1122 688; x_wconf 89' lang='lat' dir='ltr'><strong>quod</strong></span> <span class='ocrx_word' id='word_1_31' title='bbox 1141 627 1192 669; x_wconf 84' lang='lat' dir='ltr'><strong>rn-</strong></span> <span class='ocrx_word' id='word_1_32' title='bbox 1218 648 1223 667; x_wconf 80' lang='lat'><strong>.</strong></span> 
     </span>
     <span class='ocr_line' id='line_1_5' title="bbox 84 624 1192 771; baseline 0.001 -19"><span class='ocrx_word' id='word_1_33' title='bbox 84 690 308 753; x_wconf 82' lang='lat' dir='ltr'><strong>humanatum</strong></span> <span class='ocrx_word' id='word_1_34' title='bbox 330 690 392 766; x_wconf 85' lang='lat' dir='ltr'><strong>est,</strong></span> <span class='ocrx_word' id='word_1_35' title='bbox 421 687 458 756; x_wconf 85' lang='lat' dir='ltr'><strong>in</strong></span> <span class='ocrx_word' id='word_1_36' title='bbox 480 689 549 754; x_wconf 81' lang='lat' dir='ltr'><strong>fine</strong></span> <span class='ocrx_word' id='word_1_37' title='bbox 570 687 724 752; x_wconf 89' lang='lat' dir='ltr'><strong>omnium</strong></span> <span class='ocrx_word' id='word_1_38' title='bbox 745 624 933 751; x_wconf 69' lang='lat' dir='ltr'><strong>ieculorum</strong></span> <span class='ocrx_word' id='word_1_39' title='bbox 955 700 1093 771; x_wconf 83' lang='lat' dir='ltr'><strong>propter</strong></span> <span class='ocrx_word' id='word_1_40' title='bbox 1116 709 1192 763; x_wconf 74' lang='lat' dir='ltr'><strong>noe,</strong></span> 
     </span>
     <span class='ocr_line' id='line_1_6' title="bbox 83 763 1194 871; baseline 0.002 -37"><span class='ocrx_word' id='word_1_41' title='bbox 83 770 125 834; x_wconf 87' lang='lat' dir='ltr'><strong>in</strong></span> <span class='ocrx_word' id='word_1_42' title='bbox 157 791 261 856; x_wconf 86' lang='lat' dir='ltr'><strong>quot,</strong></span> <span class='ocrx_word' id='word_1_43' title='bbox 290 771 376 838; x_wconf 88' lang='lat' dir='ltr'><strong>licut</strong></span> <span class='ocrx_word' id='word_1_44' title='bbox 403 771 450 837; x_wconf 86' lang='lat' dir='ltr'><strong>ait</strong></span> <span class='ocrx_word' id='word_1_45' title='bbox 478 771 669 871; x_wconf 71' lang='lat' dir='ltr'><strong>Apostolus,</strong></span> <span class='ocrx_word' id='word_1_46' title='bbox 693 769 784 864; x_wconf 80' lang='lat' dir='ltr'><strong>finer</strong></span> <span class='ocrx_word' id='word_1_47' title='bbox 802 763 988 861; x_wconf 73' lang='lat' dir='ltr'><strong>seculorum</strong></span> <span class='ocrx_word' id='word_1_48' title='bbox 1018 769 1194 836; x_wconf 70' lang='lat' dir='ltr'><strong>devenere:</strong></span> 
     </span>
    </p>
   </div>
   <div class='ocr_carea' id='block_1_3' title="bbox 81 850 1378 1000">
    <p class='ocr_par' dir='ltr' id='par_1_3' title="bbox 81 850 1378 1000">
     <span class='ocr_line' id='line_1_7' title="bbox 81 850 1378 1000; baseline 0.004 -85"><span class='ocrx_word' id='word_1_49' title='bbox 81 853 262 1000; x_wconf 76' lang='lat' dir='ltr'><strong>pluraliter</strong></span> <span class='ocrx_word' id='word_1_50' title='bbox 290 855 425 953; x_wconf 77' lang='lat' dir='ltr'><strong>quidem</strong></span> <span class='ocrx_word' id='word_1_51' title='bbox 456 877 609 920; x_wconf 77' lang='lat' dir='ltr'><strong>omnium</strong></span> <span class='ocrx_word' id='word_1_52' title='bbox 629 854 880 928; x_wconf 70' lang='lat' dir='ltr'><strong>nominem,</strong></span> <span class='ocrx_word' id='word_1_53' title='bbox 915 850 1083 916; x_wconf 85' lang='lat' dir='ltr'><strong>Christum</strong></span> <span class='ocrx_word' id='word_1_54' title='bbox 1101 854 1194 918; x_wconf 79' lang='lat' dir='ltr'><strong>vide·</strong></span> <span class='ocrx_word' id='word_1_55' title='bbox 1288 914 1291 927; x_wconf 83' lang='grc'>,</span> <span class='ocrx_word' id='word_1_56' title='bbox 1375 851 1378 866; x_wconf 75' lang='grc'>’</span> 
     </span>
    </p>
   </div>
   <div class='ocr_carea' id='block_1_4' title="bbox 70 931 1279 3361">
    <p class='ocr_par' dir='ltr' id='par_1_4' title="bbox 70 931 1272 1443">
     <span class='ocr_line' id='line_1_8' title="bbox 98 931 1194 1040; baseline -0.002 -40"><span class='ocrx_word' id='word_1_57' title='bbox 98 951 185 1011; x_wconf 78' lang='lat' dir='ltr'><strong>icet,</strong></span> <span class='ocrx_word' id='word_1_58' title='bbox 215 958 412 1004; x_wconf 77' lang='lat' dir='ltr'><strong>nominant:</strong></span> <span class='ocrx_word' id='word_1_59' title='bbox 443 939 514 1026; x_wconf 84' lang='lat' dir='ltr'><strong>ipse</strong></span> <span class='ocrx_word' id='word_1_60' title='bbox 541 937 703 1025; x_wconf 87' lang='lat' dir='ltr'><strong>liquidem</strong></span> <span class='ocrx_word' id='word_1_61' title='bbox 731 938 775 1001; x_wconf 87' lang='lat' dir='ltr'><strong>ell</strong></span> <span class='ocrx_word' id='word_1_62' title='bbox 791 936 882 1040; x_wconf 64' lang='lat' dir='ltr'><strong>fines</strong></span> <span class='ocrx_word' id='word_1_63' title='bbox 899 931 1102 1026; x_wconf 78' lang='lat' dir='ltr'><strong>seculorum,</strong></span> <span class='ocrx_word' id='word_1_64' title='bbox 1134 935 1194 1022; x_wconf 90' lang='lat' dir='ltr'><strong>qui</strong></span> 
     </span>
     <span class='ocr_line' id='line_1_9' title="bbox 80 1017 1272 1100; baseline 0.002 -18"><span class='ocrx_word' id='word_1_65' title='bbox 80 1017 319 1094; x_wconf 76' lang='lat' dir='ltr'><strong>universorum</strong></span> <span class='ocrx_word' id='word_1_66' title='bbox 349 1022 393 1085; x_wconf 87' lang='lat' dir='ltr'><strong>est</strong></span> <span class='ocrx_word' id='word_1_67' title='bbox 418 1018 680 1088; x_wconf 81' lang='lat' dir='ltr'><strong>consummatior</strong></span> <span class='ocrx_word' id='word_1_68' title='bbox 713 1037 878 1086; x_wconf 75' lang='lat' dir='ltr'><strong>continuo</strong></span> <span class='ocrx_word' id='word_1_69' title='bbox 909 1017 1098 1100; x_wconf 83' lang='lat' dir='ltr'><strong>subjunxit:</strong></span> <span class='ocrx_word' id='word_1_70' title='bbox 1129 1041 1195 1084; x_wconf 80' lang='lat' dir='ltr'><strong>nou</strong></span> <span class='ocrx_word' id='word_1_71' title='bbox 1270 1036 1272 1050; x_wconf 79' lang='lat'><strong>¹</strong></span> 
     </span>
     <span class='ocr_line' id='line_1_10' title="bbox 70 1099 1195 1204; baseline 0 -36"><span class='ocrx_word' id='word_1_72' title='bbox 70 1099 132 1194; x_wconf 81' lang='lat' dir='ltr'><strong>ste</strong></span> <span class='ocrx_word' id='word_1_73' title='bbox 156 1105 272 1186; x_wconf 78' lang='lat' dir='ltr'><strong>impii,</strong></span> <span class='ocrx_word' id='word_1_74' title='bbox 294 1101 441 1193; x_wconf 70' lang='lat' dir='ltr'><strong>norisio,</strong></span> <span class='ocrx_word' id='word_1_75' title='bbox 458 1100 525 1201; x_wconf 76' lang='lat' dir='ltr'><strong>sed</strong></span> <span class='ocrx_word' id='word_1_76' title='bbox 545 1115 699 1204; x_wconf 74' lang='lat' dir='ltr'><strong>tunquam</strong></span> <span class='ocrx_word' id='word_1_77' title='bbox 720 1106 842 1188; x_wconf 70' lang='lat' dir='ltr'><strong>palatis,</strong></span> <span class='ocrx_word' id='word_1_78' title='bbox 864 1125 955 1188; x_wconf 84' lang='lat' dir='ltr'><strong>quem</strong></span> <span class='ocrx_word' id='word_1_79' title='bbox 975 1103 1109 1190; x_wconf 77' lang='lat' dir='ltr'><strong>projicit</strong></span> <span class='ocrx_word' id='word_1_80' title='bbox 1118 1126 1195 1168; x_wconf 81' lang='lat' dir='ltr'><strong>ven·-</strong></span> 
     </span>
     <span class='ocr_line' id='line_1_11' title="bbox 82 1183 1195 1278; baseline 0.001 -28"><span class='ocrx_word' id='word_1_81' title='bbox 82 1201 142 1250; x_wconf 81' lang='lat' dir='ltr'><strong>tm</strong></span> <span class='ocrx_word' id='word_1_82' title='bbox 163 1209 186 1251; x_wconf 85' lang='lat' dir='ltr'><em>a</em></span> <span class='ocrx_word' id='word_1_83' title='bbox 197 1183 299 1278; x_wconf 80' lang='lat' dir='ltr'><strong>facie</strong></span> <span class='ocrx_word' id='word_1_84' title='bbox 321 1203 448 1256; x_wconf 78' lang='lat' dir='ltr'><strong>terraer</strong></span> <span class='ocrx_word' id='word_1_85' title='bbox 482 1189 721 1254; x_wconf 75' lang='lat' dir='ltr'><strong>discretionem</strong></span> <span class='ocrx_word' id='word_1_86' title='bbox 740 1189 815 1270; x_wconf 86' lang='lat' dir='ltr'><strong>julli</strong></span> <span class='ocrx_word' id='word_1_87' title='bbox 834 1185 956 1269; x_wconf 88' lang='lat' dir='ltr'><strong>judicii</strong></span> <span class='ocrx_word' id='word_1_88' title='bbox 974 1197 1117 1258; x_wconf 83' lang='lat' dir='ltr'><strong>ventum</strong></span> <span class='ocrx_word' id='word_1_89' title='bbox 1136 1207 1195 1251; x_wconf 83' lang='lat' dir='ltr'><strong>vo·</strong></span> 
     </span>
     <span class='ocr_line' id='line_1_12' title="bbox 83 1270 1210 1359; baseline 0 -23"><span class='ocrx_word' id='word_1_90' title='bbox 83 1290 187 1346; x_wconf 80' lang='lat' dir='ltr'><strong>cane,</strong></span> <span class='ocrx_word' id='word_1_91' title='bbox 210 1291 278 1359; x_wconf 87' lang='lat' dir='ltr'><strong>quo</strong></span> <span class='ocrx_word' id='word_1_92' title='bbox 301 1270 359 1337; x_wconf 92' lang='lat' dir='ltr'><strong>ille</strong></span> <span class='ocrx_word' id='word_1_93' title='bbox 381 1278 479 1356; x_wconf 71' lang='lat' dir='ltr'><strong>cujus</strong></span> <span class='ocrx_word' id='word_1_94' title='bbox 498 1271 725 1337; x_wconf 77' lang='lat' dir='ltr'>ventilabrum</span> <span class='ocrx_word' id='word_1_95' title='bbox 746 1273 784 1337; x_wconf 93' lang='lat' dir='ltr'><strong>in</strong></span> <span class='ocrx_word' id='word_1_96' title='bbox 805 1293 910 1337; x_wconf 78' lang='lat' dir='ltr'><strong>uranu</strong></span> <span class='ocrx_word' id='word_1_97' title='bbox 924 1270 997 1344; x_wconf 84' lang='lat' dir='ltr'><strong>lua,</strong></span> <span class='ocrx_word' id='word_1_98' title='bbox 1019 1270 1210 1356; x_wconf 80' lang='lat' dir='ltr'><strong>pulverem·</strong></span> 
     </span>
     <span class='ocr_line' id='line_1_13' title="bbox 80 1351 1196 1443; baseline 0 -26"><span class='ocrx_word' id='word_1_99' title='bbox 80 1352 194 1417; x_wconf 73' lang='lat' dir='ltr'><strong>totius</strong></span> <span class='ocrx_word' id='word_1_100' title='bbox 221 1354 370 1420; x_wconf 79' lang='lat' dir='ltr'><strong>malitiae</strong></span> <span class='ocrx_word' id='word_1_101' title='bbox 402 1379 443 1422; x_wconf 86' lang='lat' dir='ltr'><strong>ex</strong></span> <span class='ocrx_word' id='word_1_102' title='bbox 470 1355 645 1443; x_wconf 80' lang='lat' dir='ltr'><strong>superficie</strong></span> <span class='ocrx_word' id='word_1_103' title='bbox 673 1371 796 1432; x_wconf 88' lang='lat' dir='ltr'><strong>terrae,</strong></span> <span class='ocrx_word' id='word_1_104' title='bbox 828 1358 895 1422; x_wconf 86' lang='lat' dir='ltr'><strong>hoe</strong></span> <span class='ocrx_word' id='word_1_105' title='bbox 926 1351 972 1417; x_wconf 80' lang='lat' dir='ltr'><strong>est</strong></span> <span class='ocrx_word' id='word_1_106' title='bbox 990 1352 1196 1417; x_wconf 80' lang='lat' dir='ltr'><strong>substantiali</strong></span> 
     </span>
    </p>

    <p class='ocr_par' dir='ltr' id='par_1_5' title="bbox 77 1434 1196 1697">
     <span class='ocr_line' id='line_1_14' title="bbox 110 1434 1195 1526; baseline 0.001 -27"><span class='ocrx_word' id='word_1_107' title='bbox 110 1436 343 1504; x_wconf 86' lang='lat' dir='ltr'><strong>ulchritudine</strong></span> <span class='ocrx_word' id='word_1_108' title='bbox 371 1457 531 1522; x_wconf 80' lang='lat' dir='ltr'><strong>naturae,</strong></span> <span class='ocrx_word' id='word_1_109' title='bbox 564 1437 731 1526; x_wconf 83' lang='lat' dir='ltr'><strong>projiciet.</strong></span> <span class='ocrx_word' id='word_1_110' title='bbox 774 1443 827 1504; x_wconf 89' lang='lat' dir='ltr'><strong>De</strong></span> <span class='ocrx_word' id='word_1_111' title='bbox 855 1440 919 1501; x_wconf 89' lang='lat' dir='ltr'><strong>hac</strong></span> <span class='ocrx_word' id='word_1_112' title='bbox 947 1449 1033 1499; x_wconf 86' lang='lat' dir='ltr'><strong>terra</strong></span> <span class='ocrx_word' id='word_1_113' title='bbox 1060 1434 1097 1500; x_wconf 89' lang='lat' dir='ltr'><strong>in</strong></span> <span class='ocrx_word' id='word_1_114' title='bbox 1128 1436 1195 1500; x_wconf 85' lang='lat' dir='ltr'><strong>alio</strong></span> 
     </span>
     <span class='ocr_line' id='line_1_15' title="bbox 77 1459 1195 1613; baseline -0.002 -28"><span class='ocrx_word' id='word_1_115' title='bbox 77 1459 215 1586; x_wconf 50' lang='lat' dir='ltr'><strong>{salmo</strong></span> <span class='ocrx_word' id='word_1_116' title='bbox 237 1521 330 1588; x_wconf 88' lang='lat' dir='ltr'><strong>idem</strong></span> <span class='ocrx_word' id='word_1_117' title='bbox 351 1523 409 1587; x_wconf 87' lang='lat' dir='ltr'><strong>ait.</strong></span> <span class='ocrx_word' id='word_1_118' title='bbox 439 1523 564 1588; x_wconf 49' lang='lat' dir='ltr'><strong>¹Exibit</strong></span> <span class='ocrx_word' id='word_1_119' title='bbox 573 1515 722 1613; x_wconf 84' lang='lat' dir='ltr'><strong>spiritus</strong></span> <span class='ocrx_word' id='word_1_120' title='bbox 744 1519 812 1613; x_wconf 75' lang='lat' dir='ltr'><strong>e&#39;p&#39;us</strong></span> <span class='ocrx_word' id='word_1_121' title='bbox 833 1537 867 1585; x_wconf 82' lang='lat' dir='ltr'><strong>et</strong></span> <span class='ocrx_word' id='word_1_122' title='bbox 885 1517 1069 1584; x_wconf 57' lang='lat' dir='ltr'><strong>revertetur</strong></span> <span class='ocrx_word' id='word_1_123' title='bbox 1084 1521 1118 1582; x_wconf 82' lang='lat' dir='ltr'><strong>iu</strong></span> <span class='ocrx_word' id='word_1_124' title='bbox 1131 1533 1195 1584; x_wconf 88' lang='lat' dir='ltr'><strong>ter·</strong></span> 
     </span>
     <span class='ocr_line' id='line_1_16' title="bbox 80 1599 1196 1697; baseline 0 -29"><span class='ocrx_word' id='word_1_125' title='bbox 80 1625 156 1668; x_wconf 85' lang='lat' dir='ltr'><strong>ram</strong></span> <span class='ocrx_word' id='word_1_126' title='bbox 179 1599 290 1697; x_wconf 84' lang='lat' dir='ltr'><strong>suam.</strong></span> <span class='ocrx_word' id='word_1_127' title='bbox 335 1607 441 1687; x_wconf 77' lang='lat' dir='ltr'><strong>Cujus</strong></span> <span class='ocrx_word' id='word_1_128' title='bbox 468 1605 629 1693; x_wconf 79' lang='lat' dir='ltr'><strong>lpiritue‘l</strong></span> <span class='ocrx_word' id='word_1_129' title='bbox 663 1606 756 1671; x_wconf 85' lang='lat' dir='ltr'><strong>illiue</strong></span> <span class='ocrx_word' id='word_1_130' title='bbox 785 1601 946 1670; x_wconf 86' lang='lat' dir='ltr'><strong>videlicet</strong></span> <span class='ocrx_word' id='word_1_131' title='bbox 975 1602 1034 1688; x_wconf 91' lang='lat' dir='ltr'><strong>qui</strong></span> <span class='ocrx_word' id='word_1_132' title='bbox 1061 1602 1196 1689; x_wconf 70' lang='lat' dir='ltr'><strong>patiens</strong></span> 
     </span>
    </p>

    <p class='ocr_par' dir='ltr' id='par_1_6' title="bbox 109 1685 1194 1784">
     <span class='ocr_line' id='line_1_17' title="bbox 109 1685 1194 1784; baseline 0.002 -36"><span class='ocrx_word' id='word_1_133' title='bbox 109 1707 148 1750; x_wconf 90' lang='lat' dir='ltr'><strong>ro</strong></span> <span class='ocrx_word' id='word_1_134' title='bbox 169 1689 270 1752; x_wconf 83' lang='lat' dir='ltr'><strong>nobie</strong></span> <span class='ocrx_word' id='word_1_135' title='bbox 290 1688 455 1755; x_wconf 87' lang='lat' dir='ltr'><strong>inclinato</strong></span> <span class='ocrx_word' id='word_1_136' title='bbox 478 1688 589 1776; x_wconf 81' lang='lat' dir='ltr'><strong>capite</strong></span> <span class='ocrx_word' id='word_1_137' title='bbox 610 1689 751 1756; x_wconf 80' lang='lat' dir='ltr'><strong>tradidit</strong></span> <span class='ocrx_word' id='word_1_138' title='bbox 770 1688 935 1776; x_wconf 82' lang='lat' dir='ltr'><strong>spiritum.</strong></span> <span class='ocrx_word' id='word_1_139' title='bbox 964 1688 1043 1784; x_wconf 78' lang='lat' dir='ltr'><strong>Quo</strong></span> <span class='ocrx_word' id='word_1_140' title='bbox 1065 1685 1194 1752; x_wconf 70' lang='lat' dir='ltr'><strong>exibit?</strong></span> 
     </span>
    </p>

    <p class='ocr_par' dir='ltr' id='par_1_7' title="bbox 78 1765 1279 3361">
     <span class='ocr_line' id='line_1_18' title="bbox 118 1765 1196 1870; baseline 0 -36"><span class='ocrx_word' id='word_1_141' title='bbox 118 1771 270 1844; x_wconf 83' lang='lat' dir='ltr'><strong>escendit</strong></span> <span class='ocrx_word' id='word_1_142' title='bbox 298 1775 341 1838; x_wconf 86' lang='lat' dir='ltr'><strong>ad</strong></span> <span class='ocrx_word' id='word_1_143' title='bbox 368 1771 512 1839; x_wconf 82' lang='lat' dir='ltr'><strong>inferna.</strong></span> <span class='ocrx_word' id='word_1_144' title='bbox 555 1774 607 1837; x_wconf 78' lang='lat' dir='ltr'><strong>Ad</strong></span> <span class='ocrx_word' id='word_1_145' title='bbox 637 1773 748 1870; x_wconf 70' lang='lat' dir='ltr'><strong>quid?</strong></span> <span class='ocrx_word' id='word_1_146' title='bbox 783 1765 957 1837; x_wconf 85' lang='lat' dir='ltr'><strong>Re&#39;ducere</strong></span> <span class='ocrx_word' id='word_1_147' title='bbox 977 1770 1059 1856; x_wconf 79' lang='lat' dir='ltr'><strong>inde</strong></span> <span class='ocrx_word' id='word_1_148' title='bbox 1079 1771 1196 1834; x_wconf 82' lang='lat' dir='ltr'><strong>huma·</strong></span> 
     </span>
     <span class='ocr_line' id='line_1_19' title="bbox 79 1853 1195 1943; baseline 0.001 -25"><span class='ocrx_word' id='word_1_149' title='bbox 79 1875 164 1918; x_wconf 84' lang='lat' dir='ltr'><strong>nam</strong></span> <span class='ocrx_word' id='word_1_150' title='bbox 190 1871 345 1920; x_wconf 85' lang='lat' dir='ltr'><strong>naturam</strong></span> <span class='ocrx_word' id='word_1_151' title='bbox 376 1879 461 1943; x_wconf 89' lang='lat' dir='ltr'><strong>quae</strong></span> <span class='ocrx_word' id='word_1_152' title='bbox 489 1855 622 1943; x_wconf 83' lang='lat' dir='ltr'><strong>captiva</strong></span> <span class='ocrx_word' id='word_1_153' title='bbox 652 1857 725 1921; x_wconf 80' lang='lat' dir='ltr'><strong>illic</strong></span> <span class='ocrx_word' id='word_1_154' title='bbox 754 1857 890 1920; x_wconf 87' lang='lat' dir='ltr'><strong>detenta</strong></span> <span class='ocrx_word' id='word_1_155' title='bbox 921 1853 984 1916; x_wconf 82' lang='lat' dir='ltr'><strong>elit</strong></span> <span class='ocrx_word' id='word_1_156' title='bbox 1023 1856 1195 1934; x_wconf 79' lang='lat' dir='ltr'><strong>captivam</strong></span> 
     </span>
     <span class='ocr_line' id='line_1_20' title="bbox 80 1937 1195 2082; baseline -0.001 -80"><span class='ocrx_word' id='word_1_157' title='bbox 80 1941 169 2002; x_wconf 78' lang='lat' dir='ltr'><strong>enim</strong></span> <span class='ocrx_word' id='word_1_158' title='bbox 193 1939 303 2038; x_wconf 64' lang='lat' dir='ltr'><strong>¹duxit</strong></span> <span class='ocrx_word' id='word_1_159' title='bbox 328 1945 573 2024; x_wconf 78' lang='lat' dir='ltr'><strong>captivitatem.</strong></span> <span class='ocrx_word' id='word_1_160' title='bbox 618 1939 685 2004; x_wconf 86' lang='lat' dir='ltr'><strong>Sed</strong></span> <span class='ocrx_word' id='word_1_161' title='bbox 711 1937 871 2025; x_wconf 90' lang='lat' dir='ltr'><strong>quoniam</strong></span> <span class='ocrx_word' id='word_1_162' title='bbox 897 1955 1080 2034; x_wconf 33' lang='lat' dir='ltr'><strong>mereunon</strong></span> <span class='ocrx_word' id='word_1_163' title='bbox 1101 1951 1195 2082; x_wconf 84' lang='lat' dir='ltr'><strong>pote·</strong></span> 
     </span>
     <span class='ocr_line' id='line_1_21' title="bbox 79 2022 1193 2110; baseline -0.002 -26"><span class='ocrx_word' id='word_1_164' title='bbox 79 2035 136 2085; x_wconf 85' lang='lat' dir='ltr'><strong>rat</strong></span> <span class='ocrx_word' id='word_1_165' title='bbox 161 2037 309 2086; x_wconf 75' lang='lat' dir='ltr'><strong>retinere</strong></span> <span class='ocrx_word' id='word_1_166' title='bbox 336 2023 527 2110; x_wconf 84' lang='lat' dir='ltr'><strong>captivum,</strong></span> <span class='ocrx_word' id='word_1_167' title='bbox 561 2044 646 2109; x_wconf 90' lang='lat' dir='ltr'><strong>quae</strong></span> <span class='ocrx_word' id='word_1_168' title='bbox 667 2043 738 2088; x_wconf 92' lang='lat' dir='ltr'><strong>non</strong></span> <span class='ocrx_word' id='word_1_169' title='bbox 760 2022 937 2087; x_wconf 89' lang='lat' dir='ltr'><strong>invenerat</strong></span> <span class='ocrx_word' id='word_1_170' title='bbox 958 2039 1103 2084; x_wconf 87' lang='lat' dir='ltr'><strong>cnmmo</strong></span> <span class='ocrx_word' id='word_1_171' title='bbox 1117 2034 1193 2094; x_wconf 69' lang='lat' dir='ltr'><strong>umt</strong></span> 
     </span>
     <span class='ocr_line' id='line_1_22' title="bbox 78 2101 1197 2188; baseline -0.004 -20"><span class='ocrx_word' id='word_1_172' title='bbox 78 2120 272 2188; x_wconf 63' lang='lat' dir='ltr'><strong>revertetur</strong></span> <span class='ocrx_word' id='word_1_173' title='bbox 301 2104 338 2170; x_wconf 91' lang='lat' dir='ltr'><strong>in</strong></span> <span class='ocrx_word' id='word_1_174' title='bbox 361 2123 482 2172; x_wconf 82' lang='lat' dir='ltr'><strong>terram</strong></span> <span class='ocrx_word' id='word_1_175' title='bbox 503 2107 613 2182; x_wconf 83' lang='lat' dir='ltr'><strong>luam,</strong></span> <span class='ocrx_word' id='word_1_176' title='bbox 643 2105 684 2169; x_wconf 88' lang='lat' dir='ltr'><strong>in</strong></span> <span class='ocrx_word' id='word_1_177' title='bbox 701 2123 855 2170; x_wconf 85' lang='lat' dir='ltr'><strong>naturam</strong></span> <span class='ocrx_word' id='word_1_178' title='bbox 879 2105 969 2168; x_wconf 86' lang='lat' dir='ltr'><strong>luam</strong></span> <span class='ocrx_word' id='word_1_179' title='bbox 991 2101 1197 2188; x_wconf 81' lang='lat' dir='ltr'><strong>quemfecit</strong></span> 
     </span>
     <span class='ocr_line' id='line_1_23' title="bbox 81 2183 1196 2275; baseline -0.001 -24"><span class='ocrx_word' id='word_1_180' title='bbox 81 2201 119 2252; x_wconf 87' lang='lat' dir='ltr'><strong>et</strong></span> <span class='ocrx_word' id='word_1_181' title='bbox 137 2188 285 2252; x_wconf 83' lang='lat' dir='ltr'><strong>redemit</strong></span> <span class='ocrx_word' id='word_1_182' title='bbox 305 2204 341 2252; x_wconf 88' lang='lat' dir='ltr'><strong>et</strong></span> <span class='ocrx_word' id='word_1_183' title='bbox 361 2211 439 2256; x_wconf 82' lang='lat' dir='ltr'><strong>acce</strong></span> <span class='ocrx_word' id='word_1_184' title='bbox 464 2189 508 2265; x_wconf 86' lang='lat' dir='ltr'><strong>it,</strong></span> <span class='ocrx_word' id='word_1_185' title='bbox 531 2190 568 2268; x_wconf 77' lang='lat' dir='ltr'><strong>in</strong></span> <span class='ocrx_word' id='word_1_186' title='bbox 590 2211 712 2275; x_wconf 82' lang='lat' dir='ltr'><strong>cor-pue</strong></span> <span class='ocrx_word' id='word_1_187' title='bbox 734 2188 938 2261; x_wconf 84' lang='lat' dir='ltr'><strong>immortale,</strong></span> <span class='ocrx_word' id='word_1_188' title='bbox 960 2183 997 2248; x_wconf 88' lang='lat' dir='ltr'><strong>in</strong></span> <span class='ocrx_word' id='word_1_189' title='bbox 1018 2183 1196 2270; x_wconf 88' lang='lat' dir='ltr'><strong>pristinum</strong></span> 
     </span>
     <span class='ocr_line' id='line_1_24' title="bbox 78 2215 1214 2358; baseline -0.005 -22"><span class='ocrx_word' id='word_1_190' title='bbox 78 2286 225 2336; x_wconf 83' lang='lat' dir='ltr'><strong>naturae</strong></span> <span class='ocrx_word' id='word_1_191' title='bbox 245 2275 413 2338; x_wconf 87' lang='lat' dir='ltr'><strong>humanae</strong></span> <span class='ocrx_word' id='word_1_192' title='bbox 433 2215 570 2347; x_wconf 69' lang='lat' dir='ltr'><strong>riarum,</strong></span> <span class='ocrx_word' id='word_1_193' title='bbox 591 2272 728 2358; x_wconf 76' lang='lat' dir='ltr'><strong>insuper</strong></span> <span class='ocrx_word' id='word_1_194' title='bbox 749 2272 850 2336; x_wconf 89' lang='lat' dir='ltr'><strong>etiam</strong></span> <span class='ocrx_word' id='word_1_195' title='bbox 871 2268 907 2333; x_wconf 92' lang='lat' dir='ltr'><strong>in</strong></span> <span class='ocrx_word' id='word_1_196' title='bbox 931 2266 1072 2354; x_wconf 84' lang='lat' dir='ltr'><strong>gloriam</strong></span> <span class='ocrx_word' id='word_1_197' title='bbox 1090 2270 1214 2332; x_wconf 73' lang='lat' dir='ltr'><strong>resur-¹</strong></span> 
     </span>
     <span class='ocr_line' id='line_1_25' title="bbox 79 2349 1196 2442; baseline -0.002 -25"><span class='ocrx_word' id='word_1_198' title='bbox 79 2351 258 2420; x_wconf 77' lang='lat' dir='ltr'><strong>rectionis.</strong></span> <span class='ocrx_word' id='word_1_199' title='bbox 300 2359 351 2419; x_wconf 87' lang='lat' dir='ltr'><strong>Et·</strong></span> <span class='ocrx_word' id='word_1_200' title='bbox 375 2371 414 2421; x_wconf 91' lang='lat' dir='ltr'><strong>ut</strong></span> <span class='ocrx_word' id='word_1_201' title='bbox 442 2376 625 2442; x_wconf 75' lang='lat' dir='ltr'><strong>cognoscas</strong></span> <span class='ocrx_word' id='word_1_202' title='bbox 655 2377 733 2419; x_wconf 90' lang='lat' dir='ltr'><strong>eum</strong></span> <span class='ocrx_word' id='word_1_203' title='bbox 763 2353 822 2441; x_wconf 90' lang='lat' dir='ltr'><strong>qui</strong></span> <span class='ocrx_word' id='word_1_204' title='bbox 842 2350 1015 2440; x_wconf 75' lang='lat' dir='ltr'><strong>pollicitus</strong></span> <span class='ocrx_word' id='word_1_205' title='bbox 1038 2351 1082 2414; x_wconf 79' lang='lat' dir='ltr'><strong>eli</strong></span> <span class='ocrx_word' id='word_1_206' title='bbox 1103 2349 1196 2439; x_wconf 87' lang='lat' dir='ltr'><strong>lpiri·</strong></span> 
     </span>
     <span class='ocr_line' id='line_1_26' title="bbox 79 2438 1196 2513; baseline -0.002 -13"><span class='ocrx_word' id='word_1_207' title='bbox 79 2453 158 2501; x_wconf 87' lang='lat' dir='ltr'><strong>tum</strong></span> <span class='ocrx_word' id='word_1_208' title='bbox 178 2438 276 2504; x_wconf 83' lang='lat' dir='ltr'><strong>suum</strong></span> <span class='ocrx_word' id='word_1_209' title='bbox 297 2439 403 2504; x_wconf 84' lang='lat' dir='ltr'><strong>solum</strong></span> <span class='ocrx_word' id='word_1_210' title='bbox 427 2438 612 2513; x_wconf 53' lang='lat' dir='ltr'><strong>exiturum?</strong></span> <span class='ocrx_word' id='word_1_211' title='bbox 630 2459 700 2503; x_wconf 92' lang='lat' dir='ltr'><strong>non</strong></span> <span class='ocrx_word' id='word_1_212' title='bbox 724 2439 849 2511; x_wconf 81' lang='lat' dir='ltr'><strong>solum,</strong></span> <span class='ocrx_word' id='word_1_213' title='bbox 870 2438 926 2500; x_wconf 87' lang='lat' dir='ltr'><strong>led</strong></span> <span class='ocrx_word' id='word_1_214' title='bbox 947 2453 1026 2498; x_wconf 88' lang='lat' dir='ltr'><strong>cum</strong></span> <span class='ocrx_word' id='word_1_215' title='bbox 1047 2448 1117 2498; x_wconf 89' lang='lat' dir='ltr'><strong>tota</strong></span> <span class='ocrx_word' id='word_1_216' title='bbox 1138 2456 1196 2498; x_wconf 90' lang='lat' dir='ltr'><strong>na·</strong></span> 
     </span>
     <span class='ocr_line' id='line_1_27' title="bbox 81 2513 1196 2609; baseline -0.003 -25"><span class='ocrx_word' id='word_1_217' title='bbox 81 2535 158 2584; x_wconf 82' lang='lat' dir='ltr'><strong>tura</strong></span> <span class='ocrx_word' id='word_1_218' title='bbox 179 2524 406 2598; x_wconf 81' lang='lat' dir='ltr'><strong>reversurum,</strong></span> <span class='ocrx_word' id='word_1_219' title='bbox 429 2522 509 2587; x_wconf 91' lang='lat' dir='ltr'><strong>audi</strong></span> <span class='ocrx_word' id='word_1_220' title='bbox 529 2523 640 2609; x_wconf 88' lang='lat' dir='ltr'><strong>ipsum</strong></span> <span class='ocrx_word' id='word_1_221' title='bbox 662 2522 842 2586; x_wconf 85' lang='lat' dir='ltr'><strong>dicentem.</strong></span> <span class='ocrx_word' id='word_1_222' title='bbox 876 2515 955 2604; x_wconf 82' lang='lat' dir='ltr'><strong>Nifi</strong></span> <span class='ocrx_word' id='word_1_223' title='bbox 975 2513 1196 2608; x_wconf 74' lang='lat' dir='ltr'><strong>gramtmfru·</strong></span> 
     </span>
     <span class='ocr_line' id='line_1_28' title="bbox 81 2597 1196 2696; baseline -0.004 -28"><span class='ocrx_word' id='word_1_224' title='bbox 81 2608 189 2669; x_wconf 82' lang='lat' dir='ltr'><strong>menti</strong></span> <span class='ocrx_word' id='word_1_225' title='bbox 208 2608 329 2670; x_wconf 81' lang='lat' dir='ltr'><strong>cadens</strong></span> <span class='ocrx_word' id='word_1_226' title='bbox 347 2613 381 2672; x_wconf 82' lang='lat' dir='ltr'><strong>in</strong></span> <span class='ocrx_word' id='word_1_227' title='bbox 401 2619 523 2670; x_wconf 82' lang='lat' dir='ltr'><strong>terram</strong></span> <span class='ocrx_word' id='word_1_228' title='bbox 545 2619 704 2670; x_wconf 83' lang='lat' dir='ltr'><strong>mortuum</strong></span> <span class='ocrx_word' id='word_1_229' title='bbox 717 2597 848 2694; x_wconf 67' lang='lat' dir='ltr'><strong>fierit,</strong></span> <span class='ocrx_word' id='word_1_230' title='bbox 878 2605 982 2696; x_wconf 82' lang='lat' dir='ltr'><strong>ipsum</strong></span> <span class='ocrx_word' id='word_1_231' title='bbox 1021 2603 1107 2666; x_wconf 80' lang='lat' dir='ltr'><strong>olrtm</strong></span> <span class='ocrx_word' id='word_1_232' title='bbox 1127 2623 1196 2664; x_wconf 85' lang='lat' dir='ltr'><strong>ma·</strong></span> 
     </span>
     <span class='ocr_line' id='line_1_29' title="bbox 79 2683 1198 2778; baseline -0.004 -26"><span class='ocrx_word' id='word_1_233' title='bbox 79 2702 149 2753; x_wconf 83' lang='lat' dir='ltr'><strong>net.</strong></span> <span class='ocrx_word' id='word_1_234' title='bbox 174 2693 213 2755; x_wconf 77' lang='grc' dir='ltr'><strong>δι’</strong></span> <span class='ocrx_word' id='word_1_235' title='bbox 232 2705 341 2756; x_wconf 81' lang='lat' dir='ltr'><strong>autem</strong></span> <span class='ocrx_word' id='word_1_236' title='bbox 362 2705 523 2754; x_wconf 82' lang='lat' dir='ltr'><strong>mortuum</strong></span> <span class='ocrx_word' id='word_1_237' title='bbox 537 2683 663 2778; x_wconf 81' lang='lat' dir='ltr'><strong>suerit,</strong></span> <span class='ocrx_word' id='word_1_238' title='bbox 674 2689 819 2751; x_wconf 71' lang='lat' dir='ltr'><strong>multum</strong></span> <span class='ocrx_word' id='word_1_239' title='bbox 820 2683 976 2776; x_wconf 79' lang='lat' dir='ltr'><strong>fructum</strong></span> <span class='ocrx_word' id='word_1_240' title='bbox 1010 2697 1071 2749; x_wconf 80' lang='lat' dir='ltr'><strong>ert.</strong></span> <span class='ocrx_word' id='word_1_241' title='bbox 1091 2688 1198 2750; x_wconf 85' lang='lat' dir='ltr'><strong>Emit·</strong></span> 
     </span>
     <span class='ocr_line' id='line_1_30' title="bbox 80 2763 1197 2874; baseline -0.005 -38"><span class='ocrx_word' id='word_1_242' title='bbox 80 2785 153 2846; x_wconf 82' lang='lat' dir='ltr'><strong>tes,</strong></span> <span class='ocrx_word' id='word_1_243' title='bbox 176 2772 309 2874; x_wconf 80' lang='lat' dir='ltr'><strong>inquit,</strong></span> <span class='ocrx_word' id='word_1_244' title='bbox 322 2775 486 2866; x_wconf 83' lang='lat' dir='ltr'><strong>spiritum</strong></span> <span class='ocrx_word' id='word_1_245' title='bbox 507 2788 597 2838; x_wconf 86' lang='lat' dir='ltr'><strong>tuum</strong></span> <span class='ocrx_word' id='word_1_246' title='bbox 618 2785 653 2836; x_wconf 79' lang='lat' dir='ltr'><strong>et</strong></span> <span class='ocrx_word' id='word_1_247' title='bbox 671 2770 846 2836; x_wconf 81' lang='lat' dir='ltr'><strong>renovabis</strong></span> <span class='ocrx_word' id='word_1_248' title='bbox 857 2763 988 2859; x_wconf 80' lang='lat' dir='ltr'><strong>sociem</strong></span> <span class='ocrx_word' id='word_1_249' title='bbox 1005 2784 1123 2842; x_wconf 76' lang='lat' dir='ltr'><strong>terrac,</strong></span> <span class='ocrx_word' id='word_1_250' title='bbox 1144 2789 1197 2831; x_wconf 83' lang='lat' dir='ltr'><strong>re·</strong></span> 
     </span>
     <span class='ocr_line' id='line_1_31' title="bbox 79 2849 1198 2945; baseline -0.006 -25"><span class='ocrx_word' id='word_1_251' title='bbox 79 2855 198 2922; x_wconf 80' lang='lat' dir='ltr'><strong>stituee</strong></span> <span class='ocrx_word' id='word_1_252' title='bbox 227 2860 455 2945; x_wconf 73' lang='lat' dir='ltr'><strong>integritatem</strong></span> <span class='ocrx_word' id='word_1_253' title='bbox 483 2873 644 2922; x_wconf 79' lang='lat' dir='ltr'><strong>naturaet</strong></span> <span class='ocrx_word' id='word_1_254' title='bbox 678 2857 743 2920; x_wconf 82' lang='lat' dir='ltr'><strong>live</strong></span> <span class='ocrx_word' id='word_1_255' title='bbox 765 2857 807 2922; x_wconf 90' lang='lat' dir='ltr'><strong>de</strong></span> <span class='ocrx_word' id='word_1_256' title='bbox 829 2853 941 2918; x_wconf 84' lang='lat' dir='ltr'><strong>anime</strong></span> <span class='ocrx_word' id='word_1_257' title='bbox 963 2850 1083 2919; x_wconf 85' lang='lat' dir='ltr'><strong>Christi</strong></span> <span class='ocrx_word' id='word_1_258' title='bbox 1103 2849 1198 2938; x_wconf 60' lang='lat' dir='ltr'><strong>spiri*</strong></span> 
     </span>
     <span class='ocr_line' id='line_1_32' title="bbox 80 2933 1197 3028; baseline -0.007 -24"><span class='ocrx_word' id='word_1_259' title='bbox 80 2955 158 3006; x_wconf 88' lang='lat' dir='ltr'><strong>tum</strong></span> <span class='ocrx_word' id='word_1_260' title='bbox 188 2941 263 3027; x_wconf 84' lang='lat' dir='ltr'><strong>quie</strong></span> <span class='ocrx_word' id='word_1_261' title='bbox 293 2941 479 3028; x_wconf 87' lang='lat' dir='ltr'><strong>intelligat,</strong></span> <span class='ocrx_word' id='word_1_262' title='bbox 511 2963 597 3028; x_wconf 90' lang='lat' dir='ltr'><strong>quae</strong></span> <span class='ocrx_word' id='word_1_263' title='bbox 621 2941 780 3006; x_wconf 81' lang='lat' dir='ltr'><strong>inclinato</strong></span> <span class='ocrx_word' id='word_1_264' title='bbox 805 2942 936 3021; x_wconf 81' lang='lat' dir='ltr'><strong>eapite,</strong></span> <span class='ocrx_word' id='word_1_265' title='bbox 968 2933 1197 3020; x_wconf 85' lang='lat' dir='ltr'><strong>compatiente</strong></span> 
     </span>
     <span class='ocr_line' id='line_1_33' title="bbox 79 3017 1198 3106; baseline -0.007 -19"><span class='ocrx_word' id='word_1_266' title='bbox 79 3023 246 3089; x_wconf 81' lang='lat' dir='ltr'><strong>videlicet</strong></span> <span class='ocrx_word' id='word_1_267' title='bbox 276 3029 348 3105; x_wconf 85' lang='lat' dir='ltr'><strong>ejue</strong></span> <span class='ocrx_word' id='word_1_268' title='bbox 379 3025 532 3106; x_wconf 67' lang='lat' dir='ltr'><strong>Deitate.</strong></span> <span class='ocrx_word' id='word_1_269' title='bbox 592 3045 629 3088; x_wconf 83' lang='lat' dir='ltr'><strong>ro</strong></span> <span class='ocrx_word' id='word_1_270' title='bbox 654 3025 759 3088; x_wconf 82' lang='lat' dir='ltr'><strong>salute</strong></span> <span class='ocrx_word' id='word_1_271' title='bbox 779 3021 901 3087; x_wconf 88' lang='lat' dir='ltr'><strong>mundi</strong></span> <span class='ocrx_word' id='word_1_272' title='bbox 923 3019 1044 3085; x_wconf 87' lang='lat' dir='ltr'><strong>tradita</strong></span> <span class='ocrx_word' id='word_1_273' title='bbox 1066 3017 1125 3093; x_wconf 73' lang='lat' dir='ltr'><strong>est‘,</strong></span> <span class='ocrx_word' id='word_1_274' title='bbox 1162 3031 1198 3080; x_wconf 89' lang='lat' dir='ltr'><strong>et</strong></span> 
     </span>
     <span class='ocr_line' id='line_1_34' title="bbox 79 3049 1197 3195; baseline -0.007 -23"><span class='ocrx_word' id='word_1_275' title='bbox 79 3107 210 3184; x_wconf 78' lang='lat' dir='ltr'><strong>exivit,</strong></span> <span class='ocrx_word' id='word_1_276' title='bbox 233 3124 268 3173; x_wconf 90' lang='lat' dir='ltr'><strong>et</strong></span> <span class='ocrx_word' id='word_1_277' title='bbox 287 3109 417 3172; x_wconf 77' lang='lat' dir='ltr'><strong>reversa</strong></span> <span class='ocrx_word' id='word_1_278' title='bbox 439 3109 539 3172; x_wconf 88' lang='lat' dir='ltr'><strong>estin</strong></span> <span class='ocrx_word' id='word_1_279' title='bbox 560 3049 652 3177; x_wconf 65' lang='lat' dir='ltr'><strong>tilam</strong></span> <span class='ocrx_word' id='word_1_280' title='bbox 673 3106 817 3195; x_wconf 88' lang='lat' dir='ltr'><strong>patriam</strong></span> <span class='ocrx_word' id='word_1_281' title='bbox 839 3127 939 3192; x_wconf 83' lang='lat' dir='ltr'><strong>quam</strong></span> <span class='ocrx_word' id='word_1_282' title='bbox 952 3101 1124 3191; x_wconf 83' lang='lat' dir='ltr'><strong>legatione</strong></span> <span class='ocrx_word' id='word_1_283' title='bbox 1138 3099 1197 3164; x_wconf 79' lang='lat' dir='ltr'><strong>sua</strong></span> 
     </span>
     <span class='ocr_line' id='line_1_35' title="bbox 79 3179 1279 3334; baseline -0.009 -78"><span class='ocrx_word' id='word_1_284' title='bbox 79 3191 237 3258; x_wconf 83' lang='lat' dir='ltr'><strong>redemit.</strong></span> <span class='ocrx_word' id='word_1_285' title='bbox 279 3191 400 3256; x_wconf 85' lang='lat' dir='ltr'><strong>Emilla</strong></span> <span class='ocrx_word' id='word_1_286' title='bbox 430 3213 565 3279; x_wconf 92' lang='lat' dir='ltr'><strong>quoque</strong></span> <span class='ocrx_word' id='word_1_287' title='bbox 598 3192 660 3266; x_wconf 83' lang='lat' dir='ltr'><strong>est,</strong></span> <span class='ocrx_word' id='word_1_288' title='bbox 691 3206 732 3253; x_wconf 90' lang='lat' dir='ltr'><strong>ut</strong></span> <span class='ocrx_word' id='word_1_289' title='bbox 759 3192 952 3255; x_wconf 83' lang='lat' dir='ltr'><strong>restauraret</strong></span> <span class='ocrx_word' id='word_1_290' title='bbox 971 3179 1197 3334; x_wconf 65' lang='lat' dir='ltr'><strong>pulchritudi3</strong></span> <span class='ocrx_word' id='word_1_291' title='bbox 1274 3229 1279 3256; x_wconf 85' lang='grc'>,</span> 
     </span>
     <span class='ocr_line' id='line_1_36' title="bbox 81 3271 1197 3361; baseline -0.011 -20"><span class='ocrx_word' id='word_1_292' title='bbox 81 3297 164 3341; x_wconf 87' lang='lat' dir='ltr'><strong>nem</strong></span> <span class='ocrx_word' id='word_1_293' title='bbox 185 3291 326 3340; x_wconf 89' lang='lat' dir='ltr'><strong>naturae</strong></span> <span class='ocrx_word' id='word_1_294' title='bbox 348 3297 433 3361; x_wconf 87' lang='lat' dir='ltr'><strong>quae</strong></span> <span class='ocrx_word' id='word_1_295' title='bbox 455 3278 564 3340; x_wconf 89' lang='lat' dir='ltr'><strong>deleta</strong></span> <span class='ocrx_word' id='word_1_296' title='bbox 575 3275 649 3344; x_wconf 76' lang='lat' dir='ltr'><strong>,elit</strong></span> <span class='ocrx_word' id='word_1_297' title='bbox 673 3275 738 3338; x_wconf 87' lang='lat' dir='ltr'><strong>five</strong></span> <span class='ocrx_word' id='word_1_298' title='bbox 763 3277 804 3340; x_wconf 88' lang='lat' dir='ltr'><strong>de</strong></span> <span class='ocrx_word' id='word_1_299' title='bbox 825 3271 954 3360; x_wconf 86' lang='lat' dir='ltr'><strong>Spiritu</strong></span> <span class='ocrx_word' id='word_1_300' title='bbox 996 3284 1112 3343; x_wconf 85' lang='lat' dir='ltr'><strong>aneto,</strong></span> <span class='ocrx_word' id='word_1_301' title='bbox 1136 3288 1197 3352; x_wconf 84' lang='lat' dir='ltr'><strong>qur</strong></span> 
     </span>
    </p>
   </div>
   <div class='ocr_carea' id='block_1_5' title="bbox 69 3347 1203 3920">
    <p class='ocr_par' dir='ltr' id='par_1_8' title="bbox 69 3347 1203 3920">
     <span class='ocr_line' id='line_1_37' title="bbox 81 3347 1197 3446; baseline -0.011 -22"><span class='ocrx_word' id='word_1_302' title='bbox 81 3359 129 3424; x_wconf 81' lang='lat' dir='ltr'><strong>ell</strong></span> <span class='ocrx_word' id='word_1_303' title='bbox 149 3357 286 3446; x_wconf 80' lang='lat' dir='ltr'><strong>spirituo</strong></span> <span class='ocrx_word' id='word_1_304' title='bbox 309 3358 447 3434; x_wconf 81' lang='lat' dir='ltr'><strong>Christi,</strong></span> <span class='ocrx_word' id='word_1_305' title='bbox 482 3357 542 3444; x_wconf 86' lang='lat' dir='ltr'><strong>qui</strong></span> <span class='ocrx_word' id='word_1_306' title='bbox 564 3357 742 3423; x_wconf 87' lang='lat' dir='ltr'><strong>humiliato</strong></span> <span class='ocrx_word' id='word_1_307' title='bbox 755 3358 896 3446; x_wconf 70' lang='lat' dir='ltr'><strong>capite,</strong></span> <span class='ocrx_word' id='word_1_308' title='bbox 934 3356 1026 3442; x_wconf 90' lang='lat' dir='ltr'><strong>quod</strong></span> <span class='ocrx_word' id='word_1_309' title='bbox 1049 3347 1197 3417; x_wconf 72' lang='lat' dir='ltr'><strong>Christus</strong></span> 
     </span>
     <span class='ocr_line' id='line_1_38' title="bbox 81 3437 1197 3518; baseline -0.01 -12"><span class='ocrx_word' id='word_1_310' title='bbox 81 3443 144 3518; x_wconf 81' lang='lat' dir='ltr'><strong>ell,</strong></span> <span class='ocrx_word' id='word_1_311' title='bbox 167 3458 411 3508; x_wconf 87' lang='lat' dir='ltr'><strong>momentanea·</strong></span> <span class='ocrx_word' id='word_1_312' title='bbox 426 3441 534 3505; x_wconf 83' lang='lat' dir='ltr'><strong>carnis</strong></span> <span class='ocrx_word' id='word_1_313' title='bbox 555 3457 665 3506; x_wconf 85' lang='lat' dir='ltr'><strong>morte</strong></span> <span class='ocrx_word' id='word_1_314' title='bbox 679 3439 820 3504; x_wconf 82' lang='lat' dir='ltr'><strong>&#39;traditus</strong></span> <span class='ocrx_word' id='word_1_315' title='bbox 837 3440 900 3503; x_wconf 77' lang='lat' dir='ltr'><strong>est:</strong></span> <span class='ocrx_word' id='word_1_316' title='bbox 921 3437 1096 3502; x_wconf 79' lang='lat' dir='ltr'><strong>universae</strong></span> <span class='ocrx_word' id='word_1_317' title='bbox 1109 3453 1197 3496; x_wconf 87' lang='lat' dir='ltr'><strong>crea·</strong></span> 
     </span>
     <span class='ocr_line' id='line_1_39' title="bbox 79 3514 1198 3618; baseline -0.013 -27"><span class='ocrx_word' id='word_1_318' title='bbox 79 3543 199 3603; x_wconf 77' lang='lat' dir='ltr'><strong>turne,</strong></span> <span class='ocrx_word' id='word_1_319' title='bbox 223 3530 318 3606; x_wconf 83' lang='lat' dir='ltr'><strong>euj&#39;uo</strong></span> <span class='ocrx_word' id='word_1_320' title='bbox 339 3524 587 3615; x_wconf 79' lang='lat' dir='ltr'><strong>primogenitus</strong></span> <span class='ocrx_word' id='word_1_321' title='bbox 610 3523 765 3610; x_wconf 74' lang='lat' dir='ltr'><strong>est,⁸iple</strong></span> <span class='ocrx_word' id='word_1_322' title='bbox 787 3529 883 3604; x_wconf 80' lang='lat' dir='ltr'><strong>cujus</strong></span> <span class='ocrx_word' id='word_1_323' title='bbox 907 3521 1041 3618; x_wconf 81' lang='lat' dir='ltr'><strong>spiritus</strong></span> <span class='ocrx_word' id='word_1_324' title='bbox 1065 3517 1108 3580; x_wconf 83' lang='lat' dir='ltr'><strong>est</strong></span> <span class='ocrx_word' id='word_1_325' title='bbox 1130 3514 1198 3578; x_wconf 80' lang='lat' dir='ltr'><strong>exi·</strong></span> 
     </span>
     <span class='ocr_line' id='line_1_40' title="bbox 79 3602 1198 3696; baseline -0.013 -20"><span class='ocrx_word' id='word_1_326' title='bbox 79 3611 135 3676; x_wconf 91' lang='lat' dir='ltr'><strong>bit</strong></span> <span class='ocrx_word' id='word_1_327' title='bbox 165 3625 200 3676; x_wconf 91' lang='lat' dir='ltr'><strong>et</strong></span> <span class='ocrx_word' id='word_1_328' title='bbox 225 3625 413 3674; x_wconf 87' lang='lat' dir='ltr'><strong>revertetur</strong></span> <span class='ocrx_word' id='word_1_329' title='bbox 440 3613 474 3672; x_wconf 86' lang='lat' dir='ltr'><strong>t&#39;n</strong></span> <span class='ocrx_word' id='word_1_330' title='bbox 496 3622 619 3671; x_wconf 82' lang='lat' dir='ltr'><strong>terram</strong></span> <span class='ocrx_word' id='word_1_331' title='bbox 637 3602 751 3696; x_wconf 79' lang='lat' dir='ltr'><strong>suom3</strong></span> <span class='ocrx_word' id='word_1_332' title='bbox 773 3612 843 3672; x_wconf 88' lang='lat' dir='ltr'><strong>hoc</strong></span> <span class='ocrx_word' id='word_1_333' title='bbox 865 3605 965 3686; x_wconf 70' lang='lat' dir='ltr'><strong>estin</strong></span> <span class='ocrx_word' id='word_1_334' title='bbox 987 3603 1080 3678; x_wconf 82' lang='lat' dir='ltr'><strong>illam</strong></span> <span class='ocrx_word' id='word_1_335' title='bbox 1101 3613 1198 3664; x_wconf 85' lang='lat' dir='ltr'><strong>natu·</strong></span> 
     </span>
     <span class='ocr_line' id='line_1_41' title="bbox 79 3685 1194 3780; baseline -0.013 -22"><span class='ocrx_word' id='word_1_336' title='bbox 79 3716 171 3771; x_wconf 85' lang='lat' dir='ltr'><strong>ram,</strong></span> <span class='ocrx_word' id='word_1_337' title='bbox 205 3715 307 3779; x_wconf 87' lang='lat' dir='ltr'><strong>quam</strong></span> <span class='ocrx_word' id='word_1_338' title='bbox 335 3706 474 3780; x_wconf 83' lang='lat' dir='ltr'><strong>propter</strong></span> <span class='ocrx_word' id='word_1_339' title='bbox 493 3707 672 3777; x_wconf 85' lang='lat' dir='ltr'><strong>peccatum</strong></span> <span class='ocrx_word' id='word_1_340' title='bbox 692 3690 794 3778; x_wconf 88' lang='lat' dir='ltr'><strong>primi</strong></span> <span class='ocrx_word' id='word_1_341' title='bbox 815 3685 965 3752; x_wconf 78' lang='lat' dir='ltr'><strong>hominio</strong></span> <span class='ocrx_word' id='word_1_342' title='bbox 989 3685 1194 3748; x_wconf 80' lang='lat' dir='ltr'><strong>deseruerat:</strong></span> 
     </span>
     <span class='ocr_line' id='line_1_42' title="bbox 69 3768 1203 3920; baseline -0.015 -77"><span class='ocrx_word' id='word_1_343' title='bbox 69 3773 142 3866; x_wconf 65' lang='lat' dir='ltr'><strong>juo</strong></span> <span class='ocrx_word' id='word_1_344' title='bbox 169 3793 240 3843; x_wconf 87' lang='lat' dir='ltr'><strong>erat</strong></span> <span class='ocrx_word' id='word_1_345' title='bbox 257 3776 462 3876; x_wconf 71' lang='lat' dir='ltr'><strong>priuoquam</strong></span> <span class='ocrx_word' id='word_1_346' title='bbox 484 3789 688 3920; x_wconf 69' lang='lat' dir='ltr'><strong>peccantem</strong></span> <span class='ocrx_word' id='word_1_347' title='bbox 715 3773 940 3860; x_wconf 85' lang='lat' dir='ltr'><strong>relinqueret,</strong></span> <span class='ocrx_word' id='word_1_348' title='bbox 972 3768 1030 3831; x_wconf 89' lang='lat' dir='ltr'><strong>led</strong></span> <span class='ocrx_word' id='word_1_349' title='bbox 1058 3778 1203 3864; x_wconf 63' lang='lat' dir='ltr'><strong>propter.</strong></span> 
     </span>
    </p>
   </div>
   <div class='ocr_carea' id='block_1_6' title="bbox 79 3849 1274 4271">
    <p class='ocr_par' dir='ltr' id='par_1_9' title="bbox 79 3849 1274 4271">
     <span class='ocr_line' id='line_1_43' title="bbox 82 3849 1197 3948; baseline -0.015 -22"><span class='ocrx_word' id='word_1_350' title='bbox 82 3885 162 3926; x_wconf 86' lang='lat' dir='ltr'><strong>eum</strong></span> <span class='ocrx_word' id='word_1_351' title='bbox 192 3863 288 3940; x_wconf 85' lang='lat' dir='ltr'><strong>cujue</strong></span> <span class='ocrx_word' id='word_1_352' title='bbox 309 3861 481 3948; x_wconf 84' lang='lat' dir='ltr'><strong>lprntuse</strong></span> <span class='ocrx_word' id='word_1_353' title='bbox 516 3905 526 3937; x_wconf 89' lang='lat'>‚</span> <span class='ocrx_word' id='word_1_354' title='bbox 564 3875 598 3924; x_wconf 90' lang='lat' dir='ltr'><strong>et</strong></span> <span class='ocrx_word' id='word_1_355' title='bbox 620 3857 679 3944; x_wconf 88' lang='lat' dir='ltr'><strong>qui</strong></span> <span class='ocrx_word' id='word_1_356' title='bbox 699 3879 762 3942; x_wconf 89' lang='lat' dir='ltr'><strong>pro</strong></span> <span class='ocrx_word' id='word_1_357' title='bbox 783 3851 949 3940; x_wconf 77' lang='lat' dir='ltr'><strong>capellus</strong></span> <span class='ocrx_word' id='word_1_358' title='bbox 971 3849 1032 3925; x_wconf 87' lang='lat' dir='ltr'><strong>est,</strong></span> <span class='ocrx_word' id='word_1_359' title='bbox 1064 3869 1102 3911; x_wconf 79' lang='grc' dir='ltr'><strong>ιιι</strong></span> <span class='ocrx_word' id='word_1_360' title='bbox 1123 3869 1197 3940; x_wconf 81' lang='lat' dir='ltr'><strong>eam</strong></span> 
     </span>
     <span class='ocr_line' id='line_1_44' title="bbox 79 3938 1274 4031; baseline -0.016 -21"><span class='ocrx_word' id='word_1_361' title='bbox 79 3943 281 4020; x_wconf 82' lang='lat' dir='ltr'><strong>revertitur,</strong></span> <span class='ocrx_word' id='word_1_362' title='bbox 312 3959 346 4008; x_wconf 91' lang='lat' dir='ltr'><strong>et</strong></span> <span class='ocrx_word' id='word_1_363' title='bbox 375 3941 519 4028; x_wconf 80' lang='lat' dir='ltr'><strong>amplius</strong></span> <span class='ocrx_word' id='word_1_364' title='bbox 546 3938 799 4006; x_wconf 75' lang='lat' dir='ltr'><strong>resurrectionis</strong></span> <span class='ocrx_word' id='word_1_365' title='bbox 826 3953 978 4021; x_wconf 87' lang='lat' dir='ltr'><strong>tempore</strong></span> <span class='ocrx_word' id='word_1_366' title='bbox 998 3946 1197 4031; x_wconf 70' lang='lat' dir='ltr'><strong>revertetur,</strong></span> <span class='ocrx_word' id='word_1_367' title='bbox 1273 3961 1274 3964; x_wconf 35' lang='lat'>¹</span> 
     </span>
     <span class='ocr_line' id='line_1_45' title="bbox 80 4015 1196 4112; baseline -0.015 -20"><span class='ocrx_word' id='word_1_368' title='bbox 80 4043 117 4092; x_wconf 87' lang='lat' dir='ltr'><strong>et</strong></span> <span class='ocrx_word' id='word_1_369' title='bbox 136 4027 312 4102; x_wconf 83' lang='lat' dir='ltr'><strong>mittetur;</strong></span> <span class='ocrx_word' id='word_1_370' title='bbox 333 4041 373 4089; x_wconf 91' lang='lat' dir='ltr'><strong>ut</strong></span> <span class='ocrx_word' id='word_1_371' title='bbox 391 4026 519 4090; x_wconf 86' lang='lat' dir='ltr'><strong>uirtute</strong></span> <span class='ocrx_word' id='word_1_372' title='bbox 539 4024 651 4112; x_wconf 85' lang='lat' dir='ltr'><strong>ipfius,</strong></span> <span class='ocrx_word' id='word_1_373' title='bbox 674 4021 850 4087; x_wconf 84' lang='lat' dir='ltr'><strong>universae</strong></span> <span class='ocrx_word' id='word_1_374' title='bbox 871 4035 1013 4091; x_wconf 80' lang='lat' dir='ltr'><strong>naturae·</strong></span> <span class='ocrx_word' id='word_1_375' title='bbox 1033 4015 1196 4112; x_wconf 73' lang='lat' dir='ltr'><strong>faqreezrn</strong></span> 
     </span>
     <span class='ocr_line' id='line_1_46' title="bbox 79 4099 1252 4201; baseline -0.017 -24"><span class='ocrx_word' id='word_1_376' title='bbox 79 4111 260 4198; x_wconf 80' lang='lat' dir='ltr'><strong>pristinum</strong></span> <span class='ocrx_word' id='word_1_377' title='bbox 290 4112 445 4175; x_wconf 85' lang='lat' dir='ltr'><strong>decorem</strong></span> <span class='ocrx_word' id='word_1_378' title='bbox 476 4107 676 4174; x_wconf 87' lang='lat' dir='ltr'><strong>restituatur.</strong></span> <span class='ocrx_word' id='word_1_379' title='bbox 729 4102 901 4201; x_wconf 76' lang='lat' dir='ltr'><strong>Qtloniam</strong></span> <span class='ocrx_word' id='word_1_380' title='bbox 928 4102 1043 4186; x_wconf 83' lang='lat' dir='ltr'><strong>itaque</strong></span> <span class='ocrx_word' id='word_1_381' title='bbox 1074 4119 1111 4163; x_wconf 85' lang='grc' dir='ltr'><strong>ιη</strong></span> <span class='ocrx_word' id='word_1_382' title='bbox 1133 4099 1197 4159; x_wconf 87' lang='lat' dir='ltr'><strong>hac</strong></span> <span class='ocrx_word' id='word_1_383' title='bbox 1240 4132 1252 4156; x_wconf 68' lang='lat'><strong>,·</strong></span> 
     </span>
     <span class='ocr_line' id='line_1_47' title="bbox 82 4185 1198 4271; baseline -0.017 -11"><span class='ocrx_word' id='word_1_384' title='bbox 82 4195 240 4262; x_wconf 86' lang='lat' dir='ltr'><strong>omnium</strong></span> <span class='ocrx_word' id='word_1_385' title='bbox 267 4190 441 4262; x_wconf 85' lang='lat' dir='ltr'><strong>communi</strong></span> <span class='ocrx_word' id='word_1_386' title='bbox 464 4205 572 4271; x_wconf 84' lang='lat' dir='ltr'><strong>terra,</strong></span> <span class='ocrx_word' id='word_1_387' title='bbox 604 4189 718 4258; x_wconf 84' lang='lat' dir='ltr'><strong>omnia</strong></span> <span class='ocrx_word' id='word_1_388' title='bbox 739 4187 896 4258; x_wconf 70' lang='lat' dir='ltr'><strong>animalia</strong></span> <span class='ocrx_word' id='word_1_389' title='bbox 917 4185 1104 4252; x_wconf 87' lang='lat' dir='ltr'><strong>secundum</strong></span> <span class='ocrx_word' id='word_1_390' title='bbox 1125 4198 1198 4244; x_wconf 87' lang='lat' dir='ltr'><strong>cor·</strong></span> 
     </span>
    </p>
   </div>
   <div class='ocr_carea' id='block_1_7' title="bbox 0 0 1435 4978">
    <p class='ocr_par' dir='ltr' id='par_1_10' title="bbox 0 0 1435 4978">
     <span class='ocr_line' id='line_1_48' title="bbox 0 0 1435 4978; baseline 0 0"><span class='ocrx_word' id='word_1_391' title='bbox 0 0 1435 4978; x_wconf 95' lang='lat' dir='ltr'><strong> </strong></span> 
     </span>
    </p>
   </div>
  </div>
 </body>
</html>
