2942 4976
266 211 349 288 682
381 277 384 282 .
593 207 646 276 lle
667 181 1046 284 vemmrvmeae

271 399 400 481 semper
422 395 465 459 ad
483 392 700 480 recipiendae
720 414 784 458 not
807 387 1023 488 spiritualiter
1042 379 1156 462 venit,
1189 385 1389 454 coelestibur

270 476 455 544 virtutibue
478 476 656 544 animabat
679 471 858 554 tancmer
880 463 1171 547 commeantibus,
1204 471 1387 539 affectione

269 561 383 628 salutis
413 561 541 626 nostrae
574 575 773 628 commotae.
820 559 880 624 llle
901 553 1062 644 siquidem
1083 554 1224 642 sponsus
1246 555 1284 622 in
1308 577 1389 620 aure

272 644 382 712 cordia
405 643 604 732 generaliter
620 639 777 712 universo
797 641 913 727 generi
927 645 1076 706 humano
1094 640 1226 714 clamat,
1250 636 1389 706 dicent:

272 732 396 798 Venite
416 729 463 792 ad
482 751 533 793 ma
552 752 681 806 omnes,
701 732 759 816 qut·
780 727 940 806 laboratis
961 739 995 788 et
1014 726 1143 791 oneras
1161 722 1254 815 estis,
1275 737 1311 789 et
1329 745 1390 805 ego

184 854 188 867 ι
270 813 416 907 rejiciam
436 833 506 878 oos.
553 815 670 878 Tollite
681 815 800 904 jugum
819 795 1040 958 mertmsuper
1060 831 1139 880 vos,
1174 825 1208 872 at
1229 806 1350 872 discite
1370 829 1394 868 a

242 947 245 954 ,
271 921 337 970 me.
359 900 438 980 quio
459 899 552 974 mitio
561 889 639 1000 sum
661 912 696 962 et
714 897 844 962 humilis
863 917 919 962 cor
943 919 970 968 a,
992 908 1026 958 et
1046 894 1224 958 inuenietis
1245 895 1390 975 requiem

182 1043 184 1053 ,
272 981 445 1048 animabus
463 980 594 1076 vestras.
630 980 732 1046 Venit
753 1001 832 1066 ergo
854 978 990 1045 obviam
1011 973 1170 1044 omnibu'a
1193 997 1271 1042 cum
1291 975 1389 1060 spon·

271 1067 304 1130 sa
336 1066 408 1140 lua,
436 1067 615 1132 Jerusalem
649 1064 810 1132 videlicet
832 1062 985 1136 coelesti.
1020 1061 1080 1148 qui
1102 1059 1251 1146 recipere
1272 1079 1393 1124 oroneo

272 1151 415 1216 devotae
437 1149 481 1216 esl
500 1148 535 1213 in
559 1149 765 1214 consortium
789 1149 865 1212 suae
886 1144 1043 1214 civitatis.
1082 1147 1126 1208 Et
1149 1143 1392 1217 animadverte,

272 1235 365 1318 quod
396 1247 466 1298 tota
500 1227 692 1298 humanitas
716 1229 854 1297 denario
877 1251 1018 1296 numero
1040 1243 1276 1313 comparatur,
1333 1245 1392 1290 uo·

272 1313 364 1380 niam
388 1315 552 1382 decimam
573 1315 613 1384 in
634 1315 870 1384 aedificatione
894 1317 1054 1400 supernae
1075 1309 1225 1377 civitatie
1247 1331 1291 1396 po
1333 1312 1394 1374 det

274 1399 459 1485 regionem.
502 1403 629 1466 Decem
651 1399 765 1485 itaque
788 1398 956 1486 virginet.
978 1400 1045 1460 hoc
1066 1395 1109 1459 esl
1133 1410 1202 1459 tota
1222 1397 1393 1458 humanae

243 1487 245 1492 ’
272 1499 412 1547 naturae
434 1485 650 1549 numerositas
672 1482 817 1550 naturali
842 1481 995 1570 appetitu
1021 1478 1155 1545 obviam
1179 1476 1336 1565 diligenti
1361 1475 1394 1538 se

276 1581 311 1630 et
332 1569 374 1630 ad
395 1585 467 1630 cam
491 1566 645 1632 venienti
667 1565 754 1643 exit,
788 1587 858 1631 non
881 1564 1040 1653 greffibue
1061 1561 1233 1649 corporis,
1266 1562 1323 1626 sed
1346 1559 1393 1623 as·

273 1649 419 1718 sectibut
441 1651 576 1716 mentia.
620 1652 686 1717 Sed
708 1650 862 1736 quamvis
885 1671 924 1712 ae
949 1647 1033 1712 ualle
1058 1661 1172 1712 motus
1193 1645 1232 1709 srt
1246 1643 1395 1709 rationa-

273 1731 316 1796 lia
338 1749 477 1798 naturae
499 1737 541 1798 ad
563 1734 666 1800 finem
690 1734 806 1808 suum,
830 1733 888 1820 qui
911 1671 955 1796 el
976 1729 1144 1805 christus,
1174 1727 1394 1815 aequalisque

273 1817 401 1881 aeterni
431 1817 589 1894 luminis,
623 1839 708 1905 quae
729 1839 791 1916 per
811 1819 980 1902 lampades
1003 1812 1227 1902 segnificam.
1264 1809 1395 1896 appeti·

179 1903 182 1906 ’
272 1899 341 1976 tio;
373 1920 443 1965 non
475 1917 587 1966 tamen
620 1903 803 1988 aequahter
831 1903 941 1965 lucem
964 1897 1078 1972 illam,
1115 1917 1200 1982 quae
1219 1893 1394 1960 illuminat

274 2003 409 2048 omnem
435 1984 608 2049 hominem
630 1985 826 2048 venientem
849 1984 883 2048 in
910 1986 1003 2047 hunc
1017 1983 1186 2046 mundum
1199 1977 1390 2064 participat.

278 2069 384 2130 Unum
407 2067 455 2159 esi
477 2067 586 2144 enim,
610 2083 651 2148 ut·
669 2069 793 2130 Beatus
815 2065 995 2148 Dionyfim
1014 2069 1099 2130 Areo
1125 2062 1214 2150 agita
1229 2061 1288 2138 ait,
1307 2061 1394 2146 quod

276 2155 386 2214 omnia
410 2154 607 2214 araturalr'ter
626 2153 833 2234 participare
852 2087 1192 2238 appetunt;se1inon
1210 2149 1394 2230 aequaliter

277 2237 387 2297 omnia
409 2257 503 2296 unum
524 2237 745 2316 participant.
791 2234 931 2297 Nullum
954 2247 1065 2297 tamen
1087 2231 1131 2294 esl
1151 2231 1188 2294 in
1211 2245 1328 2294 natura
1342 2249 1392 2290 re-

274 2337 372 2392 rum,
394 2318 486 2403 quod
509 2323 580 2397 ejue
602 2318 864 2404 participatione
887 2317 1026 2382 omnino
1049 2315 1223 2401 privetur;
1246 2312 1394 2397 ideoque

191 2449 193 2454 .
275 2420 346 2464 non
369 2400 551 2486 aequaliter
574 2389 693 2487 sponso
717 2419 750 2465 et
771 2402 908 2487 sponsae
930 2400 1078 2484 virginee
1108 2397 1261 2484 exibunt.
1307 2399 1393 2459 Nam

276 2481 428 2568 quinon
451 2484 558 2549 solum
582 2485 802 2570 capacitatem
825 2484 895 2548 veri
918 2483 1074 2554 luminis,
1098 2503 1214 2544 verum
1238 2479 1339 2544 etiam
1360 2497 1395 2541 et

271 2561 381 2654 ipsum
403 2568 539 2660 lumen,
573 2571 668 2655 ¹quod
692 2570 802 2632 oleum
827 2567 1033 2638 conformat.
1067 2564 1249 2662 possident,
1283 2567 1325 2626 ad
1347 2563 1397 2646 ip·
1458 2613 1459 2658 3

273 2648 345 2712 sum
368 2651 523 2734 sponsum
547 2650 767 2738 pervenient,
793 2667 923 2714 etcum
947 2651 1019 2736 ipso
1044 2650 1079 2712 in
1100 2643 1398 2734 lprrrtualeanup·
1458 2667 1459 2724 ξ

244 2784 246 2789 .
274 2731 337 2797 tiae
359 2733 546 2798 intrabunt.
582 2735 651 2834 Qui
675 2757 754 2798 vero
778 2731 878 2798 solam
901 2732 1041 2798 luminis
1067 2731 1298 2819 capacitatem,
1321 2749 1396 2794 non

274 2831 387 2880 autem
414 2816 486 2904 ipio
520 2819 650 2882 lumme
683 2816 920 2893 illuminantur
943 2833 976 2880 et
998 2831 1222 2888 coronantur,
1254 2813 1397 2876 obviarn

194 2983 195 2990 ἵ
254 2899 406 2963 ¹Christo
434 2903 639 2987 procedent3
675 2903 742 2966 hoc
770 2900 813 2963 eil
834 2901 1035 2966 nonsolum
1056 2897 1254 2964 naturaliter
1274 2897 1312 2960 iu
1335 2895 1397 2960 suo
1458 2931 1459 2936 κ

275 2981 447 3126 ”Pll'e‘im'
485 2983 543 3082 sed
570 2983 673 3082 etiam
702 2983 809 3070 ‘eilia
833 3001 870 3080 et,
888 2981 1119 3133 experimento
1143 2983 1184 3045 ad
1208 2981 1275 3044 sola
1297 2996 1399 3044 natu·
1458 2979 1459 3012 ³

272 3062 1400 3236 liiiiuiiff¹i³iiini⁰ll²sigliniluraliii⁰oiiiiitiiiia'estleia
1458 3185 1459 3202 r

274 3233 415 3316 gratiam
448 3249 481 3297 et
508 3233 679 3301 laetitiam
699 3233 913 3319 pervenient.
956 3236 1002 3298 Et
1022 3237 1088 3298 hoc
1110 3233 1154 3296 cll
1176 3233 1270 3317 quod
1294 3232 1399 3296 dena·
1458 3281 1459 3304 ,

272 3313 343 3378 riae
372 3316 570 3401 quantitatis
601 3315 718 3382 divisio
750 3317 906 3381 insinuat.
948 3317 1006 3384 Ait
1030 3316 1141 3393 enim,
1172 3317 1314 3400 quiaque
1334 3338 1398 3378 au·
1458 3319 1459 3370 ἰ

276 3411 341 3460 tem
364 3421 408 3462 ex
428 3403 477 3464 eis
497 3414 592 3465 arant
611 3393 748 3482 fatuae,
788 3400 824 3466 id
846 3399 889 3463 est
911 3398 1167 3486 imprudentes,
1201 3413 1235 3465 et
1255 3402 1401 3482 quinque
1458 3451 1459 3474 ,

273 3481 461 3560 prudentes.
510 3485 577 3550 Sed
597 3484 711 3549 fatuae
730 3485 814 3548 solae
835 3484 1025 3570 lampadae,
1051 3504 1121 3548 non
1146 3497 1259 3546 autem
1282 3483 1401 3546 oleum
1458 3479 1459 3534 l

274 3564 386 3630 secum
413 3566 624 3632 sumserunt:
658 3571 840 3654 prudentes
871 3589 954 3636 vero
987 3589 1058 3632 non
1081 3567 1188 3632 solum
1210 3567 1397 3652 lampadae,

158 3725 165 3738 ,
273 3669 393 3714 verum
415 3649 518 3716 etiam
539 3653 653 3716 oleum
675 3652 712 3715 in
733 3650 945 3737 lampadibus
967 3651 1035 3720 saia
1051 3664 1273 3748 acceperant.
1316 3648 1401 3714 Vasa

274 3728 388 3829 itaque
402 3733 518 3798 similia
541 3734 853 3820 suntprudentium
867 3751 903 3800 et
918 3734 1188 3822 imprudentium
1200 3730 1396 3832 girginum

275 3819 435 3899 quoniam
466 3815 553 3888 ratio
584 3839 670 3915 quae
690 3817 801 3884 veluti
822 3818 984 3884 nataralia
1006 3816 1281 3882 diviui'lumrmt
1300 3816 1399 3880 sedeo
1458 3817 1459 3896 f

274 3897 337 3972 eil,
372 3898 587 3966 uniformiter
606 3899 797 3999 rutegritati
820 3917 961 3967 naturae
981 3899 1273 3988 incorruptibilia,
1310 3919 1402 3986 quae
1458 3911 1459 3932 l

274 3977 312 4042 in
334 3983 429 4046 nullo
451 3997 552 4069 auget
572 3985 628 4048 vel
650 4001 794 4059 minuat,
817 3983 993 4051 distributa
1010 3985 1078 4061 est,
1101 4005 1203 4072 quam
1226 4003 1297 4048 nou
1318 3980 1402 4046 nui·

277 4061 428 4128 formiter
458 4065 615 4132 divinum
641 4070 758 4133 lumen
781 4068 936 4154 accipiat.
980 4069 1053 4136 Nec
1073 4071 1140 4134 boc
1161 4065 1199 4132 in
1220 4067 1322 4152 eulpa
1346 4064 1401 4152 ip·

276 4145 339 4211 snu
359 4146 498 4213 luminis
519 4165 577 4214 aut
592 4149 740 4224 invidia,
764 4166 821 4214 aut
841 4151 1212 4240 inopiacondituitur3
1232 4147 1400 4238 quoniam
