2930 4982
418 251 420 258 ·
484 208 778 330 minoem
1097 240 1178 316 eoa
1278 181 1336 373 ‚⁵

72 427 123 493 tt.
145 424 371 516 ignitaque,
398 425 454 493 dic
474 427 616 516 quaeso,
643 444 789 516 putatne
808 365 900 494 illam
921 425 1179 506 humanitatem,

73 509 161 576 inter
190 531 291 596 quarn
312 526 356 576 et
374 509 471 576 fuum
494 529 677 578 creatorem
697 515 792 579 nulla
813 527 964 577 creatura
983 510 1180 577 intercludi·

74 610 143 670 tur,
166 616 269 660 unam
292 597 459 682 quandam
478 594 680 682 simplicem,
701 595 973 682 inseparabilem,
995 593 1032 660 in
1054 596 1087 660 le
1108 594 1180 692 ipsa

71 675 254 764 partitione
284 693 454 744 carentem
487 695 640 744 naturam
672 679 847 744 lubfillere.
898 683 940 744 D.
977 679 1055 743 Non
1084 680 1180 742 ahter
1282 751 1285 760 ,

73 759 241 844 exillimor
273 759 423 859 alioquin
454 761 565 849 imago
587 763 652 828 Dei
673 763 828 837 nonest,
856 761 914 848 qui
937 783 1026 826 unua
1049 777 1084 836 et
1104 759 1180 826 uni·

74 860 121 908 tae
142 842 372 931 inseparabilia
395 846 456 922 ett,
493 861 526 910 et
546 867 615 912 una
636 845 771 937 essentia
793 845 830 910 in
853 847 959 910 tribua
982 843 1180 920 substantiis,

72 930 114 991 ad
149 932 243 1009 cujua
264 926 447 1016 imaginem
470 928 602 995 trinitat
623 951 759 1017 quoque
779 926 1000 996 humanitatis
1022 927 1182 1013 intelligi·

72 1025 147 1085 tur,
170 1033 256 1097 quae
278 1012 322 1076 est
343 1005 422 1162 este,
446 1013 548 1086 velie,
562 1008 673 1105 scire,
693 1029 733 1076 ut
753 1014 786 1076 St
809 1011 1013 1099 Augustinus¹
1032 1010 1069 1076 in
1085 1010 1180 1078 librit

72 1091 326 1160 Confeffionum
369 1118 485 1161 uarum
517 1095 677 1183 disputat.
719 1099 844 1161 Beatus
866 1112 978 1160 autem
1001 1093 1182 1177 Dionysum

34 1189 36 1194 “
70 1177 271 1264 areopagita
305 1183 445 1246 eandem
475 1177 679 1256 trinitatem,
714 1177 909 1255 clientium,
935 1178 1115 1254 virtutem,
1148 1193 1184 1265 et
1224 1187 1227 1194 “

71 1262 302 1347 operationem
331 1266 502 1351 perdocet.
546 1265 618 1330 Nec
650 1263 740 1329 inter
769 1264 802 1328 le
837 1261 1022 1337 dillonant,
1051 1261 1114 1344 nili
1143 1259 1185 1334 in

71 1341 373 1430 significationibus
402 1348 666 1431 vocabulorum
694 1367 807 1432 neque
837 1350 905 1411 hoc
932 1345 969 1410 in
1000 1343 1183 1421 omnibut3

73 1429 171 1493 ambo
198 1427 360 1514 fiquidem
380 1431 443 1496 elle
466 1431 603 1496 dicunt:
631 1452 720 1496 unua
742 1445 855 1494 antem
876 1430 982 1504 velle,
1015 1430 1097 1492 alter
1117 1428 1184 1494 vir·

70 1525 195 1587 tutem;
227 1533 302 1582 nec,
321 1512 357 1579 in
386 1516 453 1578 hoc
479 1519 572 1592 juxta
591 1529 725 1580 rerum·
743 1512 1009 1600 speculationem
1037 1497 1127 1576 inter
1147 1511 1182 1576 ie
1237 1535 1241 1540 ·

72 1593 281 1681 discrepant:
311 1598 404 1662 nulla
437 1595 528 1662 enim
549 1597 735 1664 naturalior
756 1613 791 1662 et
812 1595 1055 1660 substantialior
1074 1596 1184 1660 virtue

73 1677 117 1742 est
143 1677 384 1757 humanitatia,
414 1702 515 1767 quam
544 1683 631 1746 bene
657 1682 755 1746 velle.
798 1681 894 1746 Unua
915 1678 998 1743 item
1020 1677 1068 1744 ait
1088 1677 1183 1756 scire,

71 1762 155 1826 alter
186 1762 429 1847 operationem.
470 1766 516 1827 Et
537 1785 623 1851 qnae
646 1765 690 1827 eli
709 1760 920 1828 rationabilia
942 1777 1081 1826 naturae
1104 1783 1123 1828 o
1150 1783 1183 1826 e·

70 1845 175 1920 ratio,
198 1863 330 1942 praeter
351 1846 490 1935 seipsam
512 1862 547 1912 et
566 1852 678 1913 Deum
699 1847 797 1910 suum
818 1861 984 1934 quantum
1006 1849 1104 1911 datur
1122 1787 1183 1912 ici·

70 1949 128 2004 re,
158 1949 235 2016 quaa
266 1929 398 2020 luperat
420 1951 556 1996 omnem
586 1929 760 1996 scientiam
782 1928 889 1994 scire?
920 1932 1013 1994 Haec
1033 1949 1182 2028 namque

72 2011 117 2078 est
135 2011 296 2078 naturalia
317 2014 425 2080 nostra
446 2011 615 2101 operatio,
638 2035 725 2103 quae
746 2017 818 2078 non'
841 2027 933 2078 extra
953 2034 1034 2090 noe,
1058 2013 1116 2080 fed
1129 2035 1184 2077 ru·

71 2111 122 2159 tra
143 2115 206 2160 noa
228 2096 407 2162 constituta
429 2096 483 2164 est.
536 2097 629 2182 Quid
653 2097 745 2162 enim
767 2097 858 2162 nolie
879 2095 1090 2182 appetimur,
1121 2095 1185 2160 nili

71 2177 204 2244 caulam
224 2181 367 2245 nostram
389 2181 478 2246 intra
498 2202 562 2248 noa
583 2173 748 2246 ineffabili
770 2177 1009 2266 providentia,
1041 2199 1077 2243 et
1096 2179 1186 2246 ultra

71 2283 135 2326 noe
156 2260 487 2350 incomprehensibili
507 2263 660 2330 virtute?
682 2268 731 2329 Ac
755 2266 798 2328 de
817 2263 871 2327 bie
893 2261 930 2326 in
954 2261 1183 2350 superioribut

70 2343 165 2409 libris
194 2346 273 2412 satia
301 2345 392 2412 inter
418 2368 481 2414 noe
511 2346 555 2410 cst
587 2363 718 2424 actum,
756 2361 797 2409 ut
830 2343 982 2413 arbitror.
1024 2348 1073 2412 M.
1096 2346 1186 2413 Satio

69 2429 248 2515 profectur
277 2430 336 2496 led
357 2433 474 2495 eadem
494 2445 647 2516 repetere
667 2446 708 2493 ut
728 2428 849 2494 clarior
871 2429 1079 2506 elucescant,
1110 2451 1185 2496 non
1297 2441 1303 2450 '

71 2527 264 2661 iuditii.
277 2513 966 2684 ”tr,tu⁶;t·...¹2.,territant
987 2511 1055 2661 tl.
1075 2528 1186 2670 llll?
1220 2573 1229 2590 ·

70 2677 210 2743 finitum
242 2679 341 2744 multi
367 2681 420 2744 lex
441 2696 609 2754 creatura3
647 2680 932 2766 quemadmodum
955 2693 990 2742 et
1009 2679 1067 2741 lna
1089 2679 1187 2744 ceula

71 2759 111 2824 in
143 2761 247 2848 leipla
268 2703 404 2850 fimpiex
426 2764 469 2828 ell
490 2779 524 2829 et
544 2765 722 2862 plusquam
744 2763 898 2849 fimplex,
928 2758 1020 2826 etin
1043 2764 1184 2827 occairo·

70 2843 173 2908 nibur
195 2869 308 2912 rerum
329 2847 370 2912 ab
393 2868 431 2914 eu
452 2847 615 2926 factarum
636 2843 773 2912 infinita
795 2861 830 2910 et
844 2847 1023 2931 plusquam
1037 2844 1185 2912 infinita.

70 2927 128 2990 Est
154 2945 267 2996 autem
294 2931 390 3001 caula
422 2933 493 3010 ejus
521 2931 648 2994 summa
671 2929 793 2995 etiola
813 2951 874 3015 per
893 2929 926 2992 le
949 2927 1100 3002 bonitas,
1128 2927 1187 2995 cui

70 3009 239 3078 fimillima
262 3013 306 3077 ett
325 3013 529 3079 humanitas.
580 3015 626 3078 Ut
647 3011 739 3077 enim
759 3013 818 3077 illa
840 3026 912 3076 tota
931 3011 1058 3098 ubique
1079 3011 1117 3074 in
1140 3014 1186 3078 le·

70 3093 357 3264 {titulabit
378 3097 438 3244 “ii
457 3095 745 3268 {bulliit}
768 3095 885 3244 itti?
906 3095 1187 3245 iiiiii&

69 3260 175 3328 nibua
194 3261 477 3351 participantibus
498 3265 532 3329 le
554 3279 624 3328 tota
646 3263 708 3338 est,
744 3277 778 3327 et
797 3262 925 3328 nulline
945 3261 1096 3336 malitia,
1128 3264 1187 3330 seu

67 3345 210 3411 stultitia
240 3347 299 3410 seu
326 3345 538 3433 ignorantia,
568 3345 767 3434 prohibetur
798 3361 974 3433 penetrare
994 3335 1187 3412 universita-

70 3443 143 3492 tem
170 3432 211 3494 ab
243 3450 282 3494 ea
313 3430 505 3495 conditam:
541 3429 588 3495 ita
619 3423 811 3504 humanitas
832 3428 869 3494 in
893 3449 1009 3494 omnen
1030 3430 1187 3494 hominen

69 3510 299 3587 diffunditur,
335 3528 369 3577 et
399 3529 471 3579 tota
492 3512 530 3578 in
553 3511 713 3579 omuibua
736 3513 798 3587 eli,
829 3527 864 3578 et
886 3526 957 3575 tota
978 3509 1016 3577 in
1037 3513 1084 3576 fin
1109 3511 1187 3587 ulia,

67 3595 139 3659 live
162 3595 245 3661 boni
266 3596 331 3660 lint
350 3596 418 3660 five
437 3595 527 3662 mali.
571 3595 706 3660 Nullius
728 3594 820 3660 enim
842 3593 978 3658 stultitia
998 3533 1188 3682 repellitur,¹

18 3757 23 3763 Ι
65 3677 200 3744 nulline
220 3677 350 3747 malitia
371 3677 561 3755 detinetur,
583 3677 710 3744 nulline
732 3677 818 3743 vitio
841 3676 1086 3764 corrumpitur,
1119 3675 1187 3743 l'or-

68 3761 217 3829 dibuare
237 3762 420 3848 polluitur,
442 3783 528 3850 pura
550 3759 595 3826 in.
610 3760 787 3838 omninum
809 3759 1020 3848 in'luperbia
1041 3782 1112 3848 non
1136 3759 1188 3826 in·

66 3845 190 3923 fletur,
222 3843 260 3910 in
281 3844 502 3934 pusillanimis
519 3865 592 3914 non
614 3843 777 3922 tabescit,
806 3844 842 3910 iu
865 3843 1048 3925 majoribus
1068 3865 1187 3932 corpo·

65 3928 166 3994 ribua
189 3949 260 3996 non
279 3929 327 4000 ,est
346 3932 470 4012 major,
497 3951 609 4017 neque
630 3927 670 4016 in
688 3926 879 4010 minoribut
900 3925 1038 4003 minor,
1070 3949 1188 4016 aequa·

64 4010 111 4076 lia
135 4009 174 4076 in
200 4012 384 4090 omnibur,
406 4011 590 4102 aequaliter
610 4007 648 4078 in
669 4011 746 4078 suot
766 4008 947 4101 participet
969 4010 1185 4098 provenient,

37 4115 40 4122 ·
65 4093 195 4161 melior
223 4093 261 4162 in
287 4095 388 4164 laonia
413 4119 485 4162 non
514 4095 559 4164 est
579 4117 680 4185 quam
700 4093 738 4162 in
759 4094 874 4180 malie,
906 4118 931 4160 n
974 4117 1020 4160 ne
1041 4093 1188 4162 deterior

65 4177 106 4246 in
138 4176 238 4246 malit
269 4200 371 4264 quam
399 4179 437 4250 iu
458 4180 578 4270 bonia3
601 4179 646 4272 itt
667 4176 810 4268 integris
830 4199 964 4266 corpon
985 4185 1028 4247 'ua
1049 4199 1121 4248 non
1143 4177 1187 4243 est
