2958 4978
178 281 180 284 -
251 243 329 298 ml

259 425 265 468 :
314 400 473 489 Denique
501 401 693 488 fiErigena
722 399 973 488 pantheirmum
1005 399 1205 478 sectaretur.
1238 401 1361 470 docere

253 508 324 552 non
345 488 469 573 pollet,
490 507 575 574 quae
595 489 713 550 docete
1189 519 1193 528 ·
1321 513 1327 550 r

317 592 345 635 r.
360 574 471 635 Deum
487 565 855 636 effecaulamomnium
877 565 1306 653 superessentialem,
1319 566 1362 648 ⁸¹)

168 729 170 732 ¹
251 671 317 718 nec
340 653 540 752 categoriam
563 651 717 717 ellentiae
737 651 805 715 five
827 640 965 770 οὖσίοὲξ,
987 670 1052 715 nec
1073 666 1219 718 caeterea
1236 673 1362 720 novun

251 734 903 888 crtpporlpplppnpalpupolppffptecpdeppe
930 743 1069 881 liberam
1103 811 1145 881 ad
1165 815 1362 904 eligendum

251 904 306 967 vel
334 905 463 969 bonum
491 906 545 969 vel
575 904 720 978 malum,
755 917 790 966 et
819 921 926 988 genua
953 903 1139 964 humanum
1167 900 1211 965 in'
1233 904 1363 967 ddtmo

231 987 514 1072 praevaricatum
549 983 719 1071 mortique
748 984 933 1050 obnoxium
964 983 1109 1059 lactum,
1160 983 1197 1048 in
1231 981 1361 1051 Christo

251 1083 286 1132 et
302 1091 363 1156 per
377 1071 543 1136 Christum
559 1072 718 1135 salvatum
737 1069 799 1134 elle
814 1066 948 1134 etvitae
958 1082 1111 1132 aeternae
1124 1067 1306 1133 redditum.
1319 1065 1360 1145 u)

309 1166 342 1232 5.
378 1155 576 1240 Superbiam
597 1151 768 1228 Luciferi,
822 1151 858 1216 ui
880 1151 937 1216 lua
958 1149 1084 1214 virtute
1105 1153 1198 1216 Deua
1220 1151 1284 1218 elle
1305 1173 1362 1217 cu·

247 1233 385 1323 piabat,
410 1239 638 1303 detestandum
660 1235 786 1300 crimen
799 1173 914 1299 tinille.
958 1234 1010 1300 cf.
1032 1233 1091 1298 lib.
1114 1237 1152 1299 V.
1214 1240 1233 1292 .'

306 1330 342 1402 '4
378 1325 490 1386 Deum
513 1321 661 1396 efficere,
684 1335 724 1384 ut
745 1319 851 1384 multa
873 1331 963 1384 extra
984 1338 1200 1384 communem
1220 1333 1363 1383 naturae

200 1473 205 1484 ,
248 1403 403 1470 ordinem
426 1405 603 1480 eveniant,
626 1423 694 1489 quo
716 1404 889 1476 ollendat.
912 1402 945 1466 le
960 1402 1067 1466 [olum
1083 1401 1146 1466 elle
1160 1399 1360 1478 Dominum,

202 1539 207 1546 .
247 1506 362 1584 neque
384 1487 487 1554 alium
511 1489 680 1576 quendam
700 1521 742 1536 -
764 1502 797 1550 et
811 1486 1072 1571 consequenter,
1095 1483 1256 1550 miracula
1295 1486 1361 1550 offe

247 1567 332 1633 fieri.
375 1571 550 1647 ‚,Nullit¹’‚
572 1568 705 1656 inquit,
729 1567 958 1647 „conjecturis
981 1565 1085 1634 animi
1106 1509 1361 1668 inquirenium,
1392 1589 1395 1598 ⁴

168 1653 172 1664 '
199 1710 207 1724 ,
245 1671 308 1716 eur
327 1687 366 1699 —
388 1675 441 1718 res
461 1657 629 1719 naturales
650 1687 692 1702 -
716 1675 755 1718 ex
774 1651 998 1718 invisibilibus
1021 1653 1181 1716 caulium
1206 1651 1242 1715 vi
1265 1651 1360 1716 senri-

214 1801 217 1806 ,
245 1756 332 1798 rrum
352 1735 453 1804 semel
475 1735 663 1803 conllitutic
684 1757 753 1800 non
777 1737 890 1810 limul,
914 1737 970 1799 led
990 1735 1151 1820 temporie
1173 1734 1360 1800 intervallis

139 1857 143 1864 ·
248 1832 284 1882 et
303 1817 474 1894 locorum,
497 1819 535 1885 in
556 1821 679 1886 formas
701 1820 867 1883 lenlibilea
890 1821 1014 1884 debent
1034 1818 1374 1905 procedere‚1qualr'

146 1921 151 1931 ·
244 1920 318 1964 non
339 1903 436 1968 aliter
456 1903 530 1968 ficri
550 1903 696 1991 pollent.
720 1903 744 1967 li
765 1901 903 1966 divinae
923 1902 1151 1980 voluntati
1168 1902 1268 1966 aliter
1283 1902 1369 1967 lieri·

245 1985 438 2064 rideretur·²
460 2007 567 2072 quae
590 1987 713 2052 nulla
733 1988 832 2075 lege
853 1983 1182 2071 constringitur.
1211 1987 1298 2050 Nam
1324 1994 1381 2050 et*

245 2065 344 2152 iaepe
370 2087 524 2136 contra
554 2070 811 2135 consuetum
833 2084 1015 2134 naturae
1037 2070 1202 2133 curlum
1225 2070 1358 2134 multa

245 2150 471 2226 [eleutheri.
504 2169 543 2216 ut
561 2153 661 2217 nobie
683 2153 892 2227 ostendatur,
930 2133 1022 2238 quod
1045 2151 1159 2216 divina
1180 2151 1361 2251 prouiden-

246 2233 294 2296 tia
322 2255 393 2301 non
425 2256 516 2309 uno,
552 2237 609 2302 led
637 2233 821 2322 multiplici
847 2237 951 2301 modo
974 2250 1075 2324 atque
1094 2235 1232 2302 infinito
1254 2236 1361 2324 potest

244 2317 361 2384 omnia
382 2318 638 2385 administrare.¹¹
682 2320 736 2384 cf.
757 2319 817 2384 lib.
839 2321 897 2382 lll.
924 2342 957 2406 p.
981 2337 1054 2402 229.

308 2412 339 2480 5.
374 2402 560 2468 Notionem
582 2400 709 2468 claffice
731 2401 954 2489 dogmaticam
977 2401 1132 2466 Ternarii
1154 2400 1260 2465 lancti
1281 2422 1355 2466 non

243 2483 404 2567 potuisset
424 2487 582 2551 omnibns
604 2486 688 2551 locie
700 2485 846 2550 retinere
863 2500 1022 2632 rectepue
1035 2483 1209 2570 explicare.
1232 2488 1358 2549 Verum

244 2582 286 2628 ut
316 2570 405 2634 lranc
430 2591 502 2634 rem
529 2569 667 2634 uberius
698 2589 905 2655 exponamus
917 2592 931 2643 ‚·
984 2570 1054 2632 mul
1085 2567 1294 2654 accingimur
1315 2570 1358 2633 ad

120 2657 128 2668 “
244 2648 396 2727 tertiam,
421 2673 520 2738 quam
541 2654 639 2740 supra
652 2653 864 2725 notavimus,
886 2651 1113 2730 objectionem
1132 2652 1357 2716 refutandam.

307 2737 359 2799 Ad
387 2738 445 2800 lll.
489 2737 576 2800 Sa‘rre
591 2734 748 2823 “Erigone
778 2737 810 2798 S.
833 2732 1036 2799 Trinitatem
1057 2733 1093 2798 in
1115 2733 1356 2820 speculativam
1470 2731 1471 2773 ³

243 2816 455 2904 theologiam¹
489 2817 680 2886 introduxit
708 2834 743 2884 et
774 2821 914 2882 eandem
950 2815 1134 2882 leoundum
1168 2818 1357 2901 lymbolum

152 2897 156 2905 '
242 2899 580 2978 Athanalianurn,.et
600 2901 778 2968 notionem
803 2904 842 2965 ab
864 2899 1019 2966 universa
1038 2900 1172 2966 ecclefia
1185 2916 1356 3000 receptam
1469 2933 1470 2936 ¹

243 3003 305 3066 par
325 2985 622 3072 sextuplicata
644 2985 833 3072 analogiam
855 2983 1045 3070 explicavit.
1089 2986 1182 3069 Quae
1203 2984 1355 3050 limrlitu·

245 3065 345 3131 dinca
369 3070 568 3157 plerumque
597 3070 698 3157 ipfiuc
733 3067 899 3156 dogmatis
935 3068 1047 3132 verbio
1067 3068 1233 3153 proponit
1252 3083 1287 3132 et
1306 3067 1358 3132 in·

152 3175 154 3182 ⁴
243 3157 462 3236 terpretatur,
486 3156 604 3220 eadem
624 3151 774 3236 ratione,
796 3173 862 3238 qua
884 3153 916 3216 S.
931 3154 1180 3230 Bontvcnturr‚
1204 3153 1236 3216 S.
1252 3153 1357 3218 Bam·

276 3345 324 3413 32)
341 3346 381 3400 Cf.
398 3348 447 3405 lib.
464 3353 512 3403 lll.
549 3351 654 3416 „Nem
680 3355 770 3402 tamen
797 3357 838 3403 eat
855 3351 902 3419 ple
920 3349 1088 3403 credentium
1105 3357 1134 3402 ct
1152 3349 1293 3404 veritatem
1311 3351 1356 3404 in-

311 3415 513 3486 telligentium,
540 3421 588 3490 qui
606 3436 663 3471 non
681 3421 813 3472 continuo
831 3418 932 3489 abique
950 3420 1005 3471 ulla
1024 3419 1198 3471 cunctatione
1216 3421 1357 3484 exclamet,

276 3492 283 3506 ·
310 3501 415 3538 cauam
439 3489 526 3540 totiur
543 3489 726 3540 universitatis
738 3473 916 3552 nomem,
932 3488 1171 3556 ·tupematuralern
1188 3503 1246 3540 erte
1263 3495 1292 3542 ct
1310 3505 1364 3552 tuq

183 3583 193 3602 f
307 3557 529 3624 percuentialern
546 3563 576 3610 ct
595 3573 674 3625 rupta
692 3572 797 3608 omnem
817 3559 916 3620 vitam,
942 3564 970 3610 et
987 3557 1147 3626 sapientiam
1166 3564 1195 3610 et
1216 3557 1356 3622 virtutem,

310 3629 340 3675 et
357 3640 436 3698 rupra
453 3625 562 3690 omnia,
592 3641 660 3697 quae
679 3623 822 3690 dicuntur,
850 3625 1040 3708 intelliguntur
1056 3633 1086 3676 ct
1103 3625 1178 3677 omui
1195 3642 1275 3678 renen
1311 3641 1355 3678 er-

308 3692 600 3832 tlssffi‘cltttl
616 3693 1355 3835 litt.‘'ttittddttdtttttladtulit

307 3835 369 3883 tun
386 3833 563 3902 quietumque
581 3833 699 3897 sacient,
716 3841 746 3887 et
761 3833 879 3887 ambitur
896 3823 988 3887 omnir
1007 3849 1076 3905 quae
1093 3841 1157 3886 tunt
1174 3839 1203 3887 et
1217 3847 1288 3904 qnae
1295 3849 1355 3888 non

306 3905 371 3953 runt
389 3901 609 3954 circumscribent
618 3901 633 3924 ’¹
1090 3907 1093 3914 ’

273 3967 321 4030 33)
337 3965 399 4020 Vld.
419 3968 466 4021 lib.
485 3971 506 4022 l.
525 3978 554 4023 et
571 3969 618 4022 lib.
637 3971 669 4022 11.
696 3971 779 4031 „Non
796 3973 870 4025 enim
887 3971 961 4024 nen
978 3987 1062 4040 genua
1079 3968 1281 4022 correcturae*
1300 3973 1355 4028 etc,
1444 3967 1449 3976 ’

273 4035 321 4099 u)
345 4034 385 4088 Cf·
404 4035 453 4092 lib.
474 4037 506 4093 v.
525 4056 550 4108 P·
569 4039 629 4096 5²¹·
662 4037 796 4102 ”videtur
813 4041 902 4092 ellim„
920 4047 970 4092 etc·
1007 4047 1036 4092 02
1053 4057 1079 4108 P-
1096 4038 1159 4096 5¹⁶·
1188 4037 1355 4107 ''Qmmvw

308 4108 354 4156 etc
355 4140 467 4158 .....
488 4109 614 4178 „quarta”
631 4113 684 4166 etc.
702 4117 731 4160 et
749 4107 798 4164 lib.
819 4109 864 4166 lv.
902 4109 985 4168 ato·
1013 4106 1118 4172 „lautu
1136 4107 1354 4178 cumpuncta,

277 4218 280 4227 .
305 4187 421 4244 qnorum
437 4175 494 4232 non
513 4185 554 4232 nt
572 4177 663 4232 cauta”
680 4183 730 4231 etc
750 4185 778 4231 et
796 4177 845 4232 lib.
890 4193 941 4248 ,μ
960 4177 1021 4237 tot
1038 4175 1097 4236 tto
1116 4175 1177 4235 542
