2922 4978
209 227 211 234 ⁵
288 243 372 318 868
605 245 660 314 lle
680 243 861 314 venetam
882 242 1056 312 nunnae.

293 428 433 518 quidem
453 428 586 507 dicem,
613 427 691 518 quia
714 429 797 494 iecit
818 431 910 493 Deua
932 425 1106 493 homiaem
1124 425 1309 493 lamudam
1325 426 1397 492 lma·

291 513 407 601 ginem
440 512 506 578 Dei
538 511 622 578 fecit
651 535 740 577 eum.
783 516 908 577 lterum
932 509 1195 597 verchiaquae
1218 510 1398 576 dictasunt

292 600 440 671 addent,
478 595 557 668 onia
585 599 771 662 masculum
801 612 837 662 et
872 595 1055 682 foeminam
1085 593 1169 658 iecit
1189 615 1259 659 eoa.
1304 595 1397 680 Quod

293 680 441 744 alienum
466 669 510 744 eil
530 679 646 752 ab'hie
671 703 757 767 quae
779 682 821 745 de
841 683 916 754 Deo
937 677 1186 766 intelliguntur.
1219 680 1294 766 Ego
1314 677 1399 742 enim

293 763 435 832 arbitror
454 784 612 852 magnam
635 768 801 852 quandam
825 762 984 828 excelsam
1009 783 1052 825 ue
1084 759 1272 827 doctrinam
1295 783 1334 826 ex
1353 761 1399 826 hit

293 867 379 933 quae
409 847 498 912 dicta
531 848 626 920 sunt.
660 848 822 933 scriptura
853 846 950 911 tradi.
1028 845 1087 910 alie
1115 863 1228 910 autem
1248 845 1398 910 doctrina

293 929 347 992 est.
391 931 546 994 Duorum
572 933 784 1016 quorundam
815 953 875 1017 per
888 930 1141 994 ‘extremitatem
1163 951 1181 992 a
1204 929 1399 994 seinvicem

293 1011 485 1078 distantium
519 1014 669 1078 medium
701 1011 744 1078 elt
772 1013 982 1087 humanitas,
1020 1011 1338 1077 divinaeuiaetioet
1358 1013 1400 1076 in·
1435 1067 1442 1074 .

291 1097 541 1182 corporalisque
562 1113 719 1171 naturae,
744 1113 777 1161 et
797 1096 1036 1161 irrationabilia
1050 1094 1292 1182 pecudalisque
1305 1096 1398 1163 vitae.

292 1179 390 1244 Licet
424 1179 514 1243 enim
537 1191 718 1266 utrumque
739 1181 986 1267 praedictorum
1009 1179 1046 1243 in
1069 1183 1219 1258 humana
1238 1200 1400 1278 compara·

291 1261 385 1326 tione
408 1266 623 1328 considerare.
682 1264 877 1329 Portionem
903 1263 1040 1350 q'uidem
1062 1263 1128 1325 Dei
1150 1266 1248 1352 qaod,
1262 1279 1399 1326 retrom-

290 1346 358 1410 bile
382 1348 426 1412 eli
448 1364 480 1411 at
506 1369 548 1411 ue
569 1347 819 1422 intellectuale,
844 1353 936 1435 quod
960 1352 1052 1428 juxta
1075 1347 1261 1410 masculum
1284 1361 1320 1409 et
1340 1347 1401 1410 loe·

290 1428 419 1494 minam
445 1371 670 1495 differentiam
691 1451 761 1496 non
780 1433 946 1507 admittit3
969 1429 1209 1495 irrationabilia
1223 1449 1316 1504 vero,
1338 1449 1400 1494 eor·

289 1517 440 1658 poralem
462 1513 738 1579 constitutionem
763 1531 796 1577 et
819 1515 1084 1600 duplicationem
1107 1513 1143 1575 in
1166 1516 1352 1576 masculum
1371 1528 1400 1577 et

306 1596 475 1662 oeminam
522 1597 665 1664 artitam.
709 1600 829 1662 Utrum
854 1621 897 1660 ue
918 1602 1046 1662 borum·
1061 1597 1105 1661 eli
1127 1593 1269 1659 omnino
1285 1595 1321 1660 in
1339 1617 1400 1662 om·

290 1679 403 1749 nibua.
447 1621 518 1746 Sei
541 1684 741 1768 praecedere
769 1621 1016 1754 intellectuale,
1051 1703 1091 1744 ex
1124 1678 1185 1743 illo
1213 1678 1273 1764 qui
1294 1682 1400 1744 huma·

291 1767 371 1830 nam
390 1765 646 1863 generationem
667 1764 704 1828 in
728 1766 848 1832 ordine
869 1762 1055 1851 percurrit,
1078 1761 1277 1837 didicimua3
1299 1763 1400 1850 rupee

291 1847 477 1934 genitivam
510 1869 608 1913 vero=
627 1849 689 1912 elie
710 1847 844 1912 homini
863 1851 906 1912 ad
929 1845 1192 1912 irrationabilem
1209 1845 1401 1911 iocietatem

291 1947 326 1994 et
357 1932 607 2020 cognationem.
653 1933 804 1995 Primum
833 1951 979 2018 namque
1010 1930 1076 2005 ait,
1112 1929 1191 2020 quia
1214 1929 1298 1994 fecit
1317 1935 1402 1994 Deua

204 2067 209 2075 .
290 2017 333 2076 ad
353 2012 536 2078 ima'inem
560 2015 624 2078 Dei
648 2014 855 2089 hominem·
879 2017 1055 2084 ostendent
1077 2035 1117 2076 ec
1138 2011 1192 2076 hie
1212 2035 1302 2099 quae
1320 2015 1403 2080 dicta

237 2171 241 2180 1
292 2097 388 2172 lunt,
420 2037 788 2184 icutaitdpostolue,
812 2097 948 2184 quirin
973 2095 1259 2188 coquitclitest
1278 2119 1403 2163 maecu-

290 2181 343 2244 lua
375 2196 409 2245 et
439 2179 588 2247 foemina
610 2205 680 2247 non
704 2181 757 2245 est.
803 2183 936 2248 Deinde
957 2182 1102 2246 infertur
1124 2182 1294 2252 humanae
1315 2189 1403 2247 nitu·

290 2285 346 2326 rae
376 2263 586 2350 proprietas,
624 2265 702 2352 quia
734 2268 922 2331 marculum
949 2279 985 2330 et
1013 2264 1198 2330 foeminam
1227 2265 1320 2330 iecit«
1338 2287 1401 2330 eoa.

291 2345 385 2430 Quid
407 2367 486 2432 ergo
508 2369 548 2411 ex
569 2353 637 2413 hoc
658 2349 853 2414 discemus?
876 2353 918 2412 Et
940 2346 1025 2414 mihi
1047 2363 1149 2413 nemo
1171 2349 1319 2436 imputet
1332 2351 1400 2414 lon·
1442 2419 1443 2428 χ

290 2429 365 2526 gius
388 2431 574 2496 sermonem
596 2433 799 2518 producenti
824 2434 994 2522 proposito
1021 2433 1209 2498 intellectu.
1254 2437 1347 2498 Deua
1370 2433 1401 2496 in

291 2521 346 2575 tua
369 2529 487 2578 natura
509 2537 611 2580 omne
633 2521 862 2604 quodcunque
884 2517 944 2591 est,
978 2537 1038 2604 per
1060 2516 1218 2580 notitiam
1239 2517 1403 2664 accipien-

290 2599 372 2659 dum
395 2600 521 2662 bonum
544 2599 629 2663 illud
651 2601 705 2662 eii.
737 2602 846 2686 Magia
870 2615 982 2664 autem
1006 2601 1117 2664 omnia
1139 2599 1222 2664 boni
1240 2595 1314 2665 irite
1328 2599 1401 2665 lecti

290 2695 325 2742 et
354 2684 600 2766 comprehenli=
619 2681 790 2746 summitas
813 2683 970 2755 exiliens.
1002 2705 1074 2748 non
1093 2688 1139 2756 ob
1162 2683 1255 2750 alind
1278 2683 1401 2772 aliquid
1441 2681 1442 2708 ³

289 2763 470 2829 humanam
493 2766 599 2830 vitam
620 2783 731 2840 creat,
756 2769 970 2853 quamrquod
992 2769 1079 2830 bene
1101 2768 1163 2830 elie
1185 2771 1287 2832 talem
1310 2789 1403 2854 opor·

291 2861 350 2910 tet.
380 2853 428 2912 Ac
442 2871 503 2936 per
516 2853 584 2913 lroc
602 2853 642 2913 ad
659 2851 892 2914 conditionem
908 2851 1035 2914 nollrae
1051 2866 1192 2915 naturae
1202 2867 1328 2926 metue,
1338 2871 1402 2915 non

289 2929 351 2994 nili
383 2931 613 3016 imperfectam
643 2933 807 3006 bonitatis
836 2936 1022 2998 ostenderet
1048 2933 1232 3008 virtutem,
1269 2936 1401 3021 aliquod

290 3013 439 3099 quidem*
453 3017 535 3079 dane
558 3037 596 3078 ex
619 3017 670 3080 hie
695 3039 780 3116 quae
803 3017 860 3080 fibi
882 3017 1013 3092 iniunt,
1037 3016 1073 3080 in
1095 3017 1208 3104 aliquo
1226 3031 1340 3083 autem
1358 3018 1403 3078 in·
1440 3023 1441 3033 ¹

288 3095 409 3160 vitlena
431 3099 509 3168 luae
530 3099 794 3186 participationi.
839 3101 892 3164 Ast
920 3101 1069 3186 perfecta
1087 3101 1253 3165 'bonitatia
1281 3099 1401 3200 specim

287 3181 324 3242 in
347 3183 414 3243 hoc
436 3181 499 3256 est,
523 3199 556 3244 et
579 3187 745 3248 adducere
766 3184 940 3248 hominem
964 3205 1003 3246 ex
1024 3203 1094 3246 non
1116 3183 1277 3249 exiliente
1301 3207 1336 3250 rn
1354 3203 1403 3269 ge·

289 3262 519 3338 nerationem,
546 3281 579 3328 et
604 3287 674 3331 non
697 3265 910 3354 indigentem
926 3269 1093 3332 bonorum
1111 3269 1283 3354 perficere.
1316 3271 1404 3352 Quo·
1439 3277 1440 3314 ἲ

288 3345 379 3408 n'iam
403 3369 482 3412 vero
505 3353 632 3414 multua
655 3351 858 3435 singulorum
884 3355 1048 3415 bonorum
1069 3353 1240 3437 catalogue
1256 3352 1312 3424 est,
1336 3367 1401 3413 non

289 3428 386 3494 facile
416 3431 460 3494 est
482 3453 557 3496 eum
580 3450 722 3496 numero
745 3435 923 3518 perficere:
961 3449 1134 3518 propterea
1161 3455 1236 3498 com
1263 3431 1402 3498 rehend-

215 3547 219 3556 ·
288 3534 328 3610 va
363 3518 506 3599 quadem
539 3537 624 3582 voce
653 3516 767 3580 omnia
801 3520 1091 3603 comprehendens
1115 3459 1402 3604 lermoignifica·

286 3611 352 3669 vit,
387 3597 553 3671 dicendo,
589 3604 631 3664 ad
659 3599 727 3662 ima
751 3599 842 3664 inem
863 3600 928 3664 Dei
950 3599 1123 3662 hominem
1147 3601 1275 3665 iactum
1299 3599 1399 3664 inille.

286 3681 369 3742 Tale
392 3679 484 3744 enim
506 3683 550 3746 ett
573 3685 639 3748 hoc
660 3705 699 3747 ac
720 3623 909 3768 idiceret:
944 3682 1021 3769 quia
1050 3683 1162 3746 omnia
1185 3684 1268 3747 boni
1293 3689 1402 3749 huma·

265 3784 364 3826 raram
386 3779 539 3829 naturam
560 3765 761 3864 participem
785 3765 877 3831 fecit.
921 3765 956 3828 si
980 3765 1070 3828 enim
1092 3765 1275 3852 plenitudo
1298 3772 1398 3832 bono·

285 3867 361 3908 rum
382 3849 494 3921 Deum
517 3849 608 3913 illiue
631 3865 744 3914 autem
764 3853 851 3926 hoc,
874 3849 909 3914 id
932 3849 975 3912 est
998 3853 1119 3924 homo,
1143 3848 1277 3936 imago=
1299 3849 1400 3938 igitur
1437 3869 1438 3879 ¹

285 3926 320 3990 in
345 3947 384 3990 eo
407 3933 499 4013 quod
522 3933 561 3996 fit
581 3935 760 4017 plenitudo
783 3933 893 3997 omnia
917 3931 999 3996 boni
1022 3935 1063 3996 ad
1085 3929 1275 4018 principale
1299 3953 1400 3998 exem·

284 4011 379 4094 plum
403 4009 470 4075 ima
496 4035 514 4076 o
536 4019 638 4079 habet
660 4014 924 4080 firnititudtnem.
970 4017 1060 4102 Ergo
1084 4016 1128 4080 eli
1148 4016 1185 4079 in
1209 4015 1311 4081 nobie
1337 4035 1399 4077 om·
1436 4091 1437 4094 Ἴ

283 4091 336 4157 nia
358 4093 442 4158 boni
465 4035 588 4171 Forma,
613 4099 724 4162 omnia
743 4099 851 4164 virtue
868 4115 901 4163 et
918 4099 1101 4184 sapientia,
1128 4114 1162 4162 et
1178 4121 1282 4164 omne
1299 4097 1400 4186 quod
1436 4101 1437 4161 l

196 4227 205 4246 .
284 4199 419 4265 cunque
441 4179 543 4245 estin
566 4181 688 4248 melius
709 4182 980 4272 intelligendum.
1009 4183 1049 4248 lu
1066 4201 1107 4248 eo
1122 4181 1215 4250 enim
1232 4183 1286 4261 eli.
1311 4178 1398 4270 quod
