2854 4978
332 319 336 328 -
448 269 555 345 uae
579 269 733 370 Tentura
979 299 983 308 ·
1068 271 1139 346 211

51 461 99 544 sti3
131 477 204 522 nam
234 457 259 523 si
291 453 484 544 limplioiter
514 457 672 524 definires
700 457 954 526 arithmeticam
981 477 1138 534 nurnero·

51 541 324 614 nutriendam,
361 561 478 606 omncs
507 561 668 608 numeror
691 540 891 630 generaliter
918 544 1140 632 comprehen-

51 633 147 703 deres,
178 646 216 691 ac
236 647 296 712 per
315 627 383 691 hoc
406 623 559 692 definitio
579 647 651 690 non
671 623 784 708 staret,
812 646 884 692 non
909 627 1003 694 enim
1023 627 1139 718 diopu-

51 727 90 776 ιιι
113 730 159 775 are
177 707 234 773 illa
256 710 298 774 de
320 707 415 774 omni
434 727 558 796 genere
577 731 814 786 numerorum,
845 709 904 776 sed
925 731 983 778 eoa
1004 725 1139 781 tanturn

47 813 188 862 nomem
208 793 410 868 contiderat,
431 812 514 880 qnos
535 791 572 857 in
593 792 662 858 sola
682 792 822 859 scientia
838 809 872 858 et
883 793 1061 864 intellectu
1073 820 1138 865 no·

48 879 90 942 rit
113 879 187 953 esse,
218 890 253 940 et
277 876 463 941 secundum
490 896 574 964 quot
603 890 734 944 caetera
762 899 983 946 numerorum
1013 879 1138 968 genera

48 974 259 1027 numnantur.
301 961 380 1026 Non
411 958 503 1024 enim
532 981 693 1026 numeror
715 959 929 1039 animalium,
964 961 1139 1044 fruticum,

46 1048 223 1122 herbarum,
257 1041 467 1132 aliorumque
487 1064 669 1131 corporum
689 1043 749 1110 scu
768 1067 881 1111 rerum
901 1045 945 1111 ad
964 1047 1142 1114 scientiam

5 1153 6 1160 ¹
45 1127 267 1194 srithmeticac
295 1127 375 1193 artic
429 1125 573 1192 ertinere
601 1127 768 1216 sapienter
797 1129 933 1196 dicuntr
966 1129 1026 1199 sed
1052 1131 1141 1206 solot
1219 1137 1221 1142 '

45 1211 290 1285 intellectuales,
327 1151 528 1290 inviihfflr,
561 1211 806 1299 incorporales,
835 1213 874 1278 in
903 1211 973 1280 sola
999 1213 1141 1281 scientia

46 1295 246 1371 constitutor,
272 1293 309 1359 in
331 1296 429 1361 nullo
451 1315 533 1360 vero
553 1295 704 1377 subjecto
725 1295 982 1364 substantialiter
1003 1300 1140 1386 positor,
1199 1303 1203 1312 '

44 1378 267 1445 Arithmeticae
287 1377 489 1444 attribuunt.
509 1433 513 1442 .
531 1381 619 1444 Nam
638 1400 711 1446 non
732 1380 780 1444 ita
800 1380 837 1445 in
859 1381 1000 1447 scientia
1020 1384 1076 1448 rel
1089 1382 1142 1450 in·

45 1466 183 1540 tellecta,
205 1464 262 1527 vel
281 1461 432 1538 ratione,
454 1461 509 1526 rel
531 1463 711 1540 memoria,
732 1465 788 1528 rel
801 1463 964 1546 senfibua,
985 1463 1042 1530 vel
1057 1465 1142 1554 figo·

44 1546 79 1612 ria
101 1545 364 1636 perspiciuntur,
393 1561 434 1612 ut
462 1545 717 1642 substantialiter
744 1569 855 1616 unum
882 1548 947 1614 stnt
973 1547 1036 1697 ififi
1061 1565 1143 1616 cum

37 1630 87 1699 .hit
108 1633 142 1696 in
170 1630 295 1722 quibua
323 1628 494 1695 videntur.
548 1633 614 1696 Pro
639 1630 724 1696 riam
751 1652 899 1720 namque
927 1630 987 1698 sub
1015 1632 1143 1700 entiam

41 1714 206 1862 posfident,
230 1713 357 1778 namsi
378 1715 528 1794 ejusdem
548 1713 608 1779 sub
655 1715 748 1779 ntiae
769 1717 883 1794 essent,
904 1738 976 1784 non
997 1731 1059 1805 per
1083 1735 1143 1783 cot

54 1821 79 1865 cr

82 1799 165 1866 entia
197 1811 235 1863 et
261 1797 455 1864 intellectus
485 1815 520 1863 et
539 1798 627 1864 ratio
646 1798 848 1882 judicarent.
890 1799 950 1864 Ara
972 1815 1087 1866 autern
1108 1813 1144 1866 et

40 1886 127 1962 judex
145 1885 182 1950 id
203 1881 317 1968 ipsum
339 1882 494 1946 essenon
511 1884 661 1982 possunt.
704 1884 782 1949 Hoc
803 1882 896 1948 enim
920 1885 963 1950 de
981 1885 1052 1950 solo
1066 1887 1142 1950 Deo

41 1969 129 2034 verbo
158 1981 253 2034 recte
284 1964 427 2040 dicitur,
461 1985 520 2052 qut
548 1981 583 2030 et
608 1968 712 2048 judex
728 1967 777 2045 vest
798 1982 914 2033 etfaro.
956 1967 1144 2057 vigilanter
1259 1963 1266 1980 '

40 2049 157 2138 itaque,
177 2066 220 2118 ut
244 2046 333 2125 dixi,
360 2059 436 2112 ate
458 2048 611 2115 additum
633 2051 696 2128 cst,
718 2071 789 2116 non
812 2071 918 2140 quot,
945 2050 1004 2117 sed
1027 2051 1144 2118 secun·

40 2136 109 2200 dnm
136 2156 222 2223 quoa
252 2153 487 2208 numeramus,
522 2151 579 2199 eoo
609 2135 772 2223 siquidem
801 2136 838 2200 in
868 2135 965 2203 nullo
991 2135 1142 2218 subjecto

41 2239 188 2307 corporeo
208 2218 267 2282 vel
287 2216 490 2302 incorporeo
511 2215 728 2304 inspicimuar
756 2219 813 2284 led
833 2219 922 2284 ultra
943 2239 1046 2286 omne
1066 2219 1143 2285 sub·

39 2305 150 2378 jectum
179 2303 253 2368 solo
285 2297 463 2366 intellectu
483 2299 519 2364 in
541 2301 707 2388 sapientia
729 2317 763 2366 et
783 2300 924 2368 scientia
944 2293 1143 2382 cemunturss

40 2385 104 2451 suae
129 2387 269 2453 divinae
295 2399 435 2449 naturae
456 2385 655 2450 excellentia
676 2389 716 2449 ab
739 2385 898 2451 omnibut
920 2407 1007 2474 qnae
1025 2387 1143 2454 secun·
1227 2459 1239 2469 ‚

41 2469 109 2534 dum
137 2491 194 2537 eoa
228 2483 453 2536 numerantur
481 2468 635 2534 absoluti.
675 2473 723 2534 ·D.
747 2471 840 2534 Haec
861 2470 959 2560 saepe
980 2467 1141 2558 eogitari,

42 2556 125 2621 etad
144 2575 290 2642 purum,
312 2567 353 2616 ut
373 2551 536 2629 arbitror,
558 2553 722 2640 perspexi.
763 2553 812 2618 M.
834 2553 888 2618 Est
909 2576 954 2620 ne
973 2554 1080 2654 igitur
1091 2573 1143 2618 ara
1210 2559 1213 2567 '

40 2633 87 2700 illa
111 2635 300 2704 naturalia?
333 2638 377 2699 D.
398 2635 528 2712 Etiam,
559 2652 593 2700 et
612 2637 706 2701 nulla
728 2637 925 2704 naturalior.
967 2637 1145 2724 Srquidem

38 2737 99 2784 non
124 2725 235 2788 solum
265 2717 407 2787 aliarum
434 2719 538 2782 trium
567 2719 758 2785 Matheseoa
784 2719 999 2806 sequentium
1017 2722 1051 2785 sc
1071 2741 1145 2806 par·

39 2801 132 2880 tium.
161 2807 233 2870 hoc
254 2803 318 2878 ett,
343 2801 573 2879 Geometriae,
594 2804 758 2877 Musicae,
780 2802 1003 2892 Astrologiae‚
1025 2803 1145 2868 immo·

38 2885 96 2951 bile
119 2879 262 2962 snb-filiit
289 2885 569 2962 fundamentum,
601 2883 897 2975 primordialisque
924 2885 1022 2951 causa
1043 2899 1145 2984 atque

36 2971 254 3071 principiumr
274 2991 393 3034 verum
416 2968 518 3033 etiam
539 2969 695 3035 omnium
714 2991 827 3035 rerum
848 2968 1032 3036 visibilium
1048 2983 1146 3034 etm-

36 3054 210 3120 rilibilrnm
237 3052 374 3118 infinita
389 3051 604 3129 multitudo,
635 3059 732 3133 iuxta
759 3054 892 3142 regulae
924 3073 1146 3120 numerorum

37 3155 111 3222 quoa
129 3137 356 3205 Arithmetica
378 3138 645 3222 contemplatur,
668 3134 882 3218 substantiam
903 3135 1044 3236 accipit,
1066 3137 1146 3200 teste

36 3223 135 3304 primo
155 3224 262 3311 ipsrua
286 3220 366 3286 artie
386 3235 558 3307 repertore
575 3223 766 3308 Pythagora
780 3222 911 3288 summo
924 3221 1145 3318 Philosophq,

36 3303 88 3449 plui
116 3306 362 3372 intellectuales
390 3325 550 3370 numeros
570 3304 766 3370 substantias
786 3327 899 3371 rerunt
921 3303 1076 3372 omnium
1096 3325 1147 3368 vt·

56 3388 172 3457 bilium
196 3405 231 3454 et
251 3387 471 3454 inrifibilium
494 3389 556 3452 esse
579 3387 885 3464 certiorationibns
900 3387 1059 3454 affimat:
1080 3407 1147 3453 nec

37 3469 94 3536 hoc
113 3475 280 3560 scriptura
300 3474 390 3537 sacra
412 3475 498 3538 dene
524 3487 573 3546 at,
598 3491 683 3559 quae
705 3472 769 3549 ait,
793 3471 908 3539 omnia
924 3472 961 3537 in
977 3470 1145 3546 mensure,

37 3569 65 3617 et
81 3561 256 3642 pondere,
281 3571 316 3620 et
335 3575 479 3621 nurnero
500 3493 522 3618 i

37 3640 159 3722 quaeris
181 3640 334 3726 exempla
353 3638 546 3727 praedictae
564 3638 661 3714 artis,
683 3637 789 3704 immo
808 3639 910 3704 etiam
925 3640 1160 3702 numerorum'

35 3741 111 3865 poor
132 3723 206 3814 ipsa
228 3722 487 3810 comprehendit
506 3735 663 3786 naturam
682 3723 882 3821 regulaeque
900 3720 1081 3809 diligenter
1094 3715 1146 3782 in·

48 3806 138 3890 pice;
166 3821 210 3873 ut
239 3809 284 3874 ad
306 3828 424 3874 eorum
446 3827 531 3894 quae
551 3804 616 3869 tibi
635 3805 802 3869 luctantia
823 3820 914 3870 anter
934 3805 986 3880 se,
1017 3800 1147 3892 sibique

37 3889 265 3982 oppugnantia
284 3905 451 3980 putantur
463 3924 481 3968 ,ι
494 3887 655 3955 notitiam
676 3891 752 3953 Deo
774 3891 861 3955 duce
880 3885 1068 3977 pervenias.
1099 3889 1144 3951 D.

35 3971 192 4064 Exempla
217 3974 459 4048 Arithmeticae
475 3970 635 4038 'libenter
656 3969 818 4060 waccipior
854 3993 892 4036 ca
913 3993 1060 4060 namque
1080 3989 1147 4038 nec

34 4053 116 4123 tulit
143 4079 211 4126 nec
231 4059 378 4138 falliturt
414 4057 566 4146 quamvis
588 4055 680 4122 enirn
702 4058 799 4145 saepe
819 4055 932 4120 minus
955 4055 1147 4141 intelligen-

36 4152 81 4205 tet
99 4139 138 4209 in
161 4142 233 4242 ipso
253 4143 437 4219 falluntur,
459 4163 530 4206 non
546 4139 632 4220 artia
654 4143 772 4230 culpa,
804 4141 860 4205 sed
883 4139 1020 4214 incaute
1044 4141 1085 4202 de
1108 4156 1147 4199 ca

36 4235 251 4295 tractanttum
277 4227 460 4308 iudicanda
481 4225 526 4290 est
546 4227 728 4292 hebetudo.
770 4225 996 4316 Numerorum
1018 4221 1144 4306 itaque,

670 4343 746 4411 14*

1124 4401 1134 4432 l

517 3571 589 3620 acta
612 3557 685 3621 esse.
726 3557 776 3619 M.
800 3563 917 3644 ltaque
936 3555 961 3619 fi
979 3551 1148 3618 naturalia
1225 3595 1229 3600 -
1330 3649 1334 3656 .
