<?xml version="1.0" encoding="UTF-8"?>
<!DOCTYPE html PUBLIC "-//W3C//DTD XHTML 1.0 Transitional//EN"
    "http://www.w3.org/TR/xhtml1/DTD/xhtml1-transitional.dtd">
<html xmlns="http://www.w3.org/1999/xhtml" xml:lang="en" lang="en">
 <head>
  <title>
</title>
<meta http-equiv="Content-Type" content="text/html;charset=utf-8" />
  <meta name='ocr-system' content='tesseract 3.04.00' />
  <meta name='ocr-capabilities' content='ocr_page ocr_carea ocr_par ocr_line ocrx_word'/>
</head>
<body>
  <div class='ocr_page' id='page_1' title='image "./johannisscotier00schlgoog_0234.png"; bbox 0 0 2912 4978; ppageno 0'>
   <div class='ocr_carea' id='block_1_1' title="bbox 308 213 1210 350">
    <p class='ocr_par' dir='ltr' id='par_1_1' title="bbox 308 213 1210 350">
     <span class='ocr_line' id='line_1_1' title="bbox 308 213 1210 350; baseline 0.001 -9"><span class='ocrx_word' id='word_1_1' title='bbox 308 311 312 322; x_wconf 85' lang='lat'><em>-</em></span> <span class='ocrx_word' id='word_1_2' title='bbox 397 227 791 350; x_wconf 57' lang='lat' dir='ltr'><strong>‘wasconum&#39;</strong></span> <span class='ocrx_word' id='word_1_3' title='bbox 1093 213 1210 342; x_wconf 80' lang='lat' dir='ltr'><strong>rar¹</strong></span> 
     </span>
    </p>
   </div>
   <div class='ocr_carea' id='block_1_2' title="bbox 67 443 1236 1710">
    <p class='ocr_par' dir='ltr' id='par_1_2' title="bbox 67 443 1236 1710">
     <span class='ocr_line' id='line_1_2' title="bbox 83 443 1162 540; baseline 0.004 -26"><span class='ocrx_word' id='word_1_4' title='bbox 83 443 169 516; x_wconf 75' lang='lat' dir='ltr'><strong>dlltir</strong></span> <span class='ocrx_word' id='word_1_5' title='bbox 186 463 384 538; x_wconf 78' lang='lat' dir='ltr'><strong>cognoseat,</strong></span> <span class='ocrx_word' id='word_1_6' title='bbox 407 450 487 539; x_wconf 84' lang='lat' dir='ltr'><strong>quia</strong></span> <span class='ocrx_word' id='word_1_7' title='bbox 507 451 604 528; x_wconf 72' lang='lat' dir='ltr'><strong>rums</strong></span> <span class='ocrx_word' id='word_1_8' title='bbox 622 450 730 540; x_wconf 83' lang='lat' dir='ltr'><strong>inque</strong></span> <span class='ocrx_word' id='word_1_9' title='bbox 749 451 827 518; x_wconf 79' lang='lat' dir='ltr'><strong>snos</strong></span> <span class='ocrx_word' id='word_1_10' title='bbox 843 447 983 518; x_wconf 76' lang='lat' dir='ltr'><strong>effectos</strong></span> <span class='ocrx_word' id='word_1_11' title='bbox 995 446 1162 518; x_wconf 78' lang='lat' dir='ltr'><strong>ineffabili</strong></span> 
     </span>
     <span class='ocr_line' id='line_1_3' title="bbox 98 529 1162 635; baseline 0.006 -39"><span class='ocrx_word' id='word_1_12' title='bbox 98 529 258 600; x_wconf 80' lang='lat' dir='ltr'><strong>rocellionc</strong></span> <span class='ocrx_word' id='word_1_13' title='bbox 287 535 475 635; x_wconf 80' lang='lat' dir='ltr'><strong>profluunt.</strong></span> <span class='ocrx_word' id='word_1_14' title='bbox 527 535 573 600; x_wconf 84' lang='lat' dir='ltr'><strong>Es</strong></span> <span class='ocrx_word' id='word_1_15' title='bbox 597 533 656 602; x_wconf 91' lang='lat' dir='ltr'><strong>hic</strong></span> <span class='ocrx_word' id='word_1_16' title='bbox 677 534 721 600; x_wconf 72' lang='lat' dir='ltr'><strong>ott</strong></span> <span class='ocrx_word' id='word_1_17' title='bbox 740 549 870 611; x_wconf 86' lang='lat' dir='ltr'><strong>motus,</strong></span> <span class='ocrx_word' id='word_1_18' title='bbox 905 531 965 622; x_wconf 86' lang='lat' dir='ltr'><strong>qui</strong></span> <span class='ocrx_word' id='word_1_19' title='bbox 985 555 1005 600; x_wconf 91' lang='lat' dir='ltr'><strong>a</strong></span> <span class='ocrx_word' id='word_1_20' title='bbox 1026 533 1162 602; x_wconf 85' lang='lat' dir='ltr'><strong>Graccis</strong></span> 
     </span>
     <span class='ocr_line' id='line_1_4' title="bbox 80 557 1236 712; baseline 0.003 -30"><span class='ocrx_word' id='word_1_21' title='bbox 80 557 165 704; x_wconf 59' lang='lat' dir='ltr'><strong>iduor</strong></span> <span class='ocrx_word' id='word_1_22' title='bbox 185 620 238 684; x_wconf 87' lang='lat' dir='ltr'><strong>vel</strong></span> <span class='ocrx_word' id='word_1_23' title='bbox 259 615 419 710; x_wconf 75' lang='lat' dir='ltr'><strong>dovspre,</strong></span> <span class='ocrx_word' id='word_1_24' title='bbox 449 641 471 684; x_wconf 84' lang='lat' dir='ltr'><strong>a</strong></span> <span class='ocrx_word' id='word_1_25' title='bbox 489 616 607 684; x_wconf 86' lang='lat' dir='ltr'><strong>nollris</strong></span> <span class='ocrx_word' id='word_1_26' title='bbox 629 639 709 684; x_wconf 85' lang='lat' dir='ltr'><strong>vero</strong></span> <span class='ocrx_word' id='word_1_27' title='bbox 730 616 835 694; x_wconf 89' lang='lat' dir='ltr'><strong>ratio,</strong></span> <span class='ocrx_word' id='word_1_28' title='bbox 856 617 915 682; x_wconf 81' lang='lat' dir='ltr'><strong>len</strong></span> <span class='ocrx_word' id='word_1_29' title='bbox 934 615 1043 685; x_wconf 86' lang='lat' dir='ltr'><strong>virtus</strong></span> <span class='ocrx_word' id='word_1_30' title='bbox 1062 641 1163 686; x_wconf 84' lang='lat' dir='ltr'><strong>voca-</strong></span> <span class='ocrx_word' id='word_1_31' title='bbox 1227 681 1236 712; x_wconf 64' lang='grc'><strong><em>,</em></strong></span> 
     </span>
     <span class='ocr_line' id='line_1_5' title="bbox 78 698 1162 790; baseline 0.004 -26"><span class='ocrx_word' id='word_1_32' title='bbox 78 715 132 774; x_wconf 87' lang='lat' dir='ltr'><strong>tm,</strong></span> <span class='ocrx_word' id='word_1_33' title='bbox 151 715 182 766; x_wconf 86' lang='lat' dir='ltr'><strong>et</strong></span> <span class='ocrx_word' id='word_1_34' title='bbox 201 723 241 766; x_wconf 80' lang='lat' dir='ltr'><strong>ex</strong></span> <span class='ocrx_word' id='word_1_35' title='bbox 261 702 372 790; x_wconf 89' lang='lat' dir='ltr'><strong>primo</strong></span> <span class='ocrx_word' id='word_1_36' title='bbox 393 718 489 784; x_wconf 74' lang='lat' dir='ltr'><strong>motu</strong></span> <span class='ocrx_word' id='word_1_37' title='bbox 503 699 668 778; x_wconf 87' lang='lat' dir='ltr'><strong>nascitur,</strong></span> <span class='ocrx_word' id='word_1_38' title='bbox 692 701 814 789; x_wconf 16' lang='lat' dir='ltr'><strong>quires</strong></span> <span class='ocrx_word' id='word_1_39' title='bbox 825 698 1028 768; x_wconf 84' lang='lat' dir='ltr'><strong>intellectus.</strong></span> <span class='ocrx_word' id='word_1_40' title='bbox 1063 701 1162 768; x_wconf 81' lang='lat' dir='ltr'><strong>Sicut</strong></span> 
     </span>
     <span class='ocr_line' id='line_1_6' title="bbox 76 783 1161 874; baseline 0.005 -26"><span class='ocrx_word' id='word_1_41' title='bbox 76 783 148 856; x_wconf 81' lang='lat' dir='ltr'><strong>enim</strong></span> <span class='ocrx_word' id='word_1_42' title='bbox 162 786 296 871; x_wconf 86' lang='lat' dir='ltr'><strong>quidam</strong></span> <span class='ocrx_word' id='word_1_43' title='bbox 314 783 443 872; x_wconf 78' lang='lat' dir='ltr'><strong>sapiens</strong></span> <span class='ocrx_word' id='word_1_44' title='bbox 458 786 575 850; x_wconf 80' lang='lat' dir='ltr'><strong>artifex</strong></span> <span class='ocrx_word' id='word_1_45' title='bbox 592 801 696 850; x_wconf 85' lang='lat' dir='ltr'><strong>artem</strong></span> <span class='ocrx_word' id='word_1_46' title='bbox 711 785 803 850; x_wconf 84' lang='lat' dir='ltr'><strong>luam</strong></span> <span class='ocrx_word' id='word_1_47' title='bbox 819 786 862 850; x_wconf 87' lang='lat' dir='ltr'><strong>dc</strong></span> <span class='ocrx_word' id='word_1_48' title='bbox 878 783 984 871; x_wconf 82' lang='lat' dir='ltr'><strong>[eipso</strong></span> <span class='ocrx_word' id='word_1_49' title='bbox 1000 785 1038 850; x_wconf 89' lang='lat' dir='ltr'><strong>in</strong></span> <span class='ocrx_word' id='word_1_50' title='bbox 1052 785 1161 874; x_wconf 81' lang='lat' dir='ltr'><strong>leipl&#39;o</strong></span> 
     </span>
     <span class='ocr_line' id='line_1_7' title="bbox 76 866 1161 957; baseline 0.006 -27"><span class='ocrx_word' id='word_1_51' title='bbox 76 866 177 954; x_wconf 83' lang='lat' dir='ltr'><strong>gignit,</strong></span> <span class='ocrx_word' id='word_1_52' title='bbox 191 884 226 932; x_wconf 85' lang='lat' dir='ltr'><strong>et</strong></span> <span class='ocrx_word' id='word_1_53' title='bbox 239 869 277 936; x_wconf 89' lang='lat' dir='ltr'><strong>-in</strong></span> <span class='ocrx_word' id='word_1_54' title='bbox 287 869 369 956; x_wconf 80' lang='lat' dir='ltr'><strong>ipsa,</strong></span> <span class='ocrx_word' id='word_1_55' title='bbox 382 891 468 957; x_wconf 82' lang='lat' dir='ltr'><strong>quac</strong></span> <span class='ocrx_word' id='word_1_56' title='bbox 480 870 539 936; x_wconf 86' lang='lat' dir='ltr'><strong>fibi</strong></span> <span class='ocrx_word' id='word_1_57' title='bbox 548 867 704 935; x_wconf 84' lang='lat' dir='ltr'><strong>facienda</strong></span> <span class='ocrx_word' id='word_1_58' title='bbox 715 869 803 946; x_wconf 82' lang='lat' dir='ltr'><strong>lunt,</strong></span> <span class='ocrx_word' id='word_1_59' title='bbox 815 867 1017 956; x_wconf 69' lang='lat' dir='ltr'><strong>praenoscit,</strong></span> <span class='ocrx_word' id='word_1_60' title='bbox 1029 889 1161 936; x_wconf 81' lang='lat' dir='ltr'><strong>eorum·</strong></span> 
     </span>
     <span class='ocr_line' id='line_1_8' title="bbox 74 951 1163 1052; baseline 0.006 -39"><span class='ocrx_word' id='word_1_61' title='bbox 74 973 127 1046; x_wconf 80' lang='lat' dir='ltr'><strong>qne</strong></span> <span class='ocrx_word' id='word_1_62' title='bbox 144 953 252 1021; x_wconf 83' lang='lat' dir='ltr'><strong>caulas</strong></span> <span class='ocrx_word' id='word_1_63' title='bbox 274 953 469 1052; x_wconf 83' lang='lat' dir='ltr'><strong>priusquam</strong></span> <span class='ocrx_word' id='word_1_64' title='bbox 491 969 674 1041; x_wconf 77' lang='lat' dir='ltr'><strong>appareant</strong></span> <span class='ocrx_word' id='word_1_65' title='bbox 696 969 793 1028; x_wconf 88' lang='lat' dir='ltr'><strong>actu,</strong></span> <span class='ocrx_word' id='word_1_66' title='bbox 817 967 891 1017; x_wconf 84' lang='lat' dir='ltr'><strong>eto</strong></span> <span class='ocrx_word' id='word_1_67' title='bbox 918 973 973 1016; x_wconf 86' lang='lat' dir='ltr'><strong>ere</strong></span> <span class='ocrx_word' id='word_1_68' title='bbox 993 973 1018 1016; x_wconf 87' lang='lat' dir='ltr'><strong>u</strong></span> <span class='ocrx_word' id='word_1_69' title='bbox 1044 951 1163 1020; x_wconf 84' lang='lat' dir='ltr'><strong>iveria-</strong></span> 
     </span>
     <span class='ocr_line' id='line_1_9' title="bbox 72 1034 1161 1122; baseline 0.004 -27"><span class='ocrx_word' id='word_1_70' title='bbox 72 1037 133 1098; x_wconf 86' lang='lat' dir='ltr'><strong>hter</strong></span> <span class='ocrx_word' id='word_1_71' title='bbox 151 1051 247 1122; x_wconf 89' lang='lat' dir='ltr'><strong>atque</strong></span> <span class='ocrx_word' id='word_1_72' title='bbox 270 1037 443 1102; x_wconf 78' lang='lat' dir='ltr'><strong>causaliter</strong></span> <span class='ocrx_word' id='word_1_73' title='bbox 463 1054 574 1114; x_wconf 85' lang='lat' dir='ltr'><strong>creat;</strong></span> <span class='ocrx_word' id='word_1_74' title='bbox 596 1037 641 1102; x_wconf 89' lang='lat' dir='ltr'><strong>fic</strong></span> <span class='ocrx_word' id='word_1_75' title='bbox 660 1034 854 1102; x_wconf 86' lang='lat' dir='ltr'><strong>intellectus</strong></span> <span class='ocrx_word' id='word_1_76' title='bbox 899 1057 919 1099; x_wconf 86' lang='lat' dir='ltr'><strong>e</strong></span> <span class='ocrx_word' id='word_1_77' title='bbox 939 1035 988 1112; x_wconf 85' lang='lat' dir='ltr'><strong>l&#39;e,</strong></span> <span class='ocrx_word' id='word_1_78' title='bbox 1058 1035 1095 1100; x_wconf 91' lang='lat' dir='ltr'><strong>in</strong></span> <span class='ocrx_word' id='word_1_79' title='bbox 1115 1035 1161 1114; x_wconf 81' lang='lat' dir='ltr'><strong>ie,</strong></span> 
     </span>
     <span class='ocr_line' id='line_1_10' title="bbox 71 1117 1159 1208; baseline 0.003 -29"><span class='ocrx_word' id='word_1_80' title='bbox 71 1118 145 1182; x_wconf 87' lang='lat' dir='ltr'><strong>lnam</strong></span> <span class='ocrx_word' id='word_1_81' title='bbox 164 1119 331 1190; x_wconf 88' lang='lat' dir='ltr'><strong>rationem</strong></span> <span class='ocrx_word' id='word_1_82' title='bbox 352 1119 493 1208; x_wconf 86' lang='lat' dir='ltr'><strong>genuit,</strong></span> <span class='ocrx_word' id='word_1_83' title='bbox 528 1119 564 1186; x_wconf 92' lang='lat' dir='ltr'><strong>in</strong></span> <span class='ocrx_word' id='word_1_84' title='bbox 587 1117 807 1208; x_wconf 86' lang='lat' dir='ltr'><strong>quaomnia,</strong></span> <span class='ocrx_word' id='word_1_85' title='bbox 859 1139 924 1183; x_wconf 86' lang='lat' dir='ltr'><strong>nac</strong></span> <span class='ocrx_word' id='word_1_86' title='bbox 942 1119 1020 1184; x_wconf 86' lang='lat' dir='ltr'><strong>vult</strong></span> <span class='ocrx_word' id='word_1_87' title='bbox 1039 1119 1159 1196; x_wconf 81' lang='lat' dir='ltr'><strong>facere,</strong></span> 
     </span>
     <span class='ocr_line' id='line_1_11' title="bbox 71 1200 1163 1292; baseline 0.005 -30"><span class='ocrx_word' id='word_1_88' title='bbox 71 1202 324 1290; x_wconf 79' lang='lat' dir='ltr'><strong>praecognoscit,</strong></span> <span class='ocrx_word' id='word_1_89' title='bbox 340 1203 596 1292; x_wconf 61' lang='lat' dir='ltr'><strong>staulaliterquc</strong></span> <span class='ocrx_word' id='word_1_90' title='bbox 622 1219 804 1292; x_wconf 82' lang='lat' dir='ltr'><strong>praecreat.</strong></span> <span class='ocrx_word' id='word_1_91' title='bbox 885 1225 939 1266; x_wconf 87' lang='lat' dir='ltr'><strong>am</strong></span> <span class='ocrx_word' id='word_1_92' title='bbox 965 1223 1038 1268; x_wconf 89' lang='lat' dir='ltr'><strong>non</strong></span> <span class='ocrx_word' id='word_1_93' title='bbox 1069 1200 1163 1268; x_wconf 86' lang='lat' dir='ltr'><strong>aliud</strong></span> 
     </span>
     <span class='ocr_line' id='line_1_12' title="bbox 70 1281 1163 1375; baseline 0.004 -29"><span class='ocrx_word' id='word_1_94' title='bbox 70 1281 192 1349; x_wconf 85' lang='lat' dir='ltr'><strong>dicimur</strong></span> <span class='ocrx_word' id='word_1_95' title='bbox 216 1287 280 1352; x_wconf 82' lang='lat' dir='ltr'><strong>elle</strong></span> <span class='ocrx_word' id='word_1_96' title='bbox 300 1309 340 1354; x_wconf 89' lang='lat' dir='ltr'><strong>co</strong></span> <span class='ocrx_word' id='word_1_97' title='bbox 366 1286 494 1364; x_wconf 85' lang='lat' dir='ltr'><strong>lilium,</strong></span> <span class='ocrx_word' id='word_1_98' title='bbox 515 1303 646 1375; x_wconf 81' lang='lat' dir='ltr'><strong>praeter</strong></span> <span class='ocrx_word' id='word_1_99' title='bbox 668 1285 1004 1353; x_wconf 83' lang='lat' dir='ltr'><strong>artificiolaementis</strong></span> <span class='ocrx_word' id='word_1_100' title='bbox 1018 1305 1163 1371; x_wconf 89' lang='lat' dir='ltr'><strong>concep·</strong></span> 
     </span>
     <span class='ocr_line' id='line_1_13' title="bbox 69 1313 1160 1462; baseline 0.002 -31"><span class='ocrx_word' id='word_1_101' title='bbox 69 1381 142 1462; x_wconf 53' lang='lat' dir='ltr'><strong>tom,</strong></span> <span class='ocrx_word' id='word_1_102' title='bbox 174 1313 364 1436; x_wconf 58' lang='lat' dir='ltr'><strong>Secundus</strong></span> <span class='ocrx_word' id='word_1_103' title='bbox 371 1371 486 1459; x_wconf 87' lang='lat' dir='ltr'><strong>itaque</strong></span> <span class='ocrx_word' id='word_1_104' title='bbox 508 1389 620 1437; x_wconf 85' lang='lat' dir='ltr'><strong>motus</strong></span> <span class='ocrx_word' id='word_1_105' title='bbox 643 1371 775 1436; x_wconf 86' lang='lat' dir='ltr'><strong>animas</strong></span> <span class='ocrx_word' id='word_1_106' title='bbox 796 1369 840 1436; x_wconf 84' lang='lat' dir='ltr'><strong>cll</strong></span> <span class='ocrx_word' id='word_1_107' title='bbox 860 1368 967 1446; x_wconf 86' lang='lat' dir='ltr'><strong>ratic,</strong></span> <span class='ocrx_word' id='word_1_108' title='bbox 990 1391 1076 1457; x_wconf 82' lang='lat' dir='ltr'><strong>quae</strong></span> <span class='ocrx_word' id='word_1_109' title='bbox 1104 1389 1160 1433; x_wconf 83' lang='lat' dir='ltr'><strong>ve·</strong></span> 
     </span>
     <span class='ocr_line' id='line_1_14' title="bbox 67 1449 1161 1540; baseline 0.004 -28"><span class='ocrx_word' id='word_1_110' title='bbox 67 1449 118 1514; x_wconf 87' lang='lat' dir='ltr'><strong>luti</strong></span> <span class='ocrx_word' id='word_1_111' title='bbox 144 1452 281 1538; x_wconf 86' lang='lat' dir='ltr'><strong>quidam</strong></span> <span class='ocrx_word' id='word_1_112' title='bbox 311 1458 449 1521; x_wconf 84' lang='lat' dir='ltr'><strong>obtutus</strong></span> <span class='ocrx_word' id='word_1_113' title='bbox 482 1455 702 1522; x_wconf 81' lang='lat' dir='ltr'><strong>[ubstantialis</strong></span> <span class='ocrx_word' id='word_1_114' title='bbox 731 1454 770 1520; x_wconf 91' lang='lat' dir='ltr'><strong>in</strong></span> <span class='ocrx_word' id='word_1_115' title='bbox 801 1453 916 1520; x_wconf 89' lang='lat' dir='ltr'><strong>animo</strong></span> <span class='ocrx_word' id='word_1_116' title='bbox 945 1449 1161 1540; x_wconf 81' lang='lat' dir='ltr'><strong>intelligitur,</strong></span> 
     </span>
     <span class='ocr_line' id='line_1_15' title="bbox 69 1534 1163 1630; baseline 0.005 -33"><span class='ocrx_word' id='word_1_117' title='bbox 69 1553 100 1598; x_wconf 85' lang='lat' dir='ltr'><strong>ac</strong></span> <span class='ocrx_word' id='word_1_118' title='bbox 123 1535 226 1602; x_wconf 82' lang='lat' dir='ltr'><strong>veluti</strong></span> <span class='ocrx_word' id='word_1_119' title='bbox 257 1559 308 1602; x_wconf 86' lang='lat' dir='ltr'><strong>ars</strong></span> <span class='ocrx_word' id='word_1_120' title='bbox 330 1538 465 1626; x_wconf 81' lang='lat' dir='ltr'><strong>abipso</strong></span> <span class='ocrx_word' id='word_1_121' title='bbox 491 1542 532 1603; x_wconf 85' lang='lat' dir='ltr'><strong>de</strong></span> <span class='ocrx_word' id='word_1_122' title='bbox 552 1539 658 1626; x_wconf 84' lang='lat' dir='ltr'><strong>leiplo</strong></span> <span class='ocrx_word' id='word_1_123' title='bbox 679 1539 716 1603; x_wconf 89' lang='lat' dir='ltr'><strong>in</strong></span> <span class='ocrx_word' id='word_1_124' title='bbox 738 1535 845 1630; x_wconf 59' lang='lat' dir='ltr'><strong>scipio</strong></span> <span class='ocrx_word' id='word_1_125' title='bbox 867 1534 1003 1626; x_wconf 86' lang='lat' dir='ltr'><strong>genita,</strong></span> <span class='ocrx_word' id='word_1_126' title='bbox 1034 1535 1072 1602; x_wconf 89' lang='lat' dir='ltr'><strong>in</strong></span> <span class='ocrx_word' id='word_1_127' title='bbox 1096 1555 1163 1623; x_wconf 79' lang='lat' dir='ltr'><strong>qut</strong></span> 
     </span>
     <span class='ocr_line' id='line_1_16' title="bbox 68 1619 1162 1710; baseline 0.003 -29"><span class='ocrx_word' id='word_1_128' title='bbox 68 1637 109 1691; x_wconf 86' lang='lat' dir='ltr'><strong>ea,</strong></span> <span class='ocrx_word' id='word_1_129' title='bbox 130 1641 211 1705; x_wconf 80' lang='lat' dir='ltr'><strong>quse</strong></span> <span class='ocrx_word' id='word_1_130' title='bbox 232 1622 309 1685; x_wconf 64' lang='lat' dir='ltr'><strong>rnlt</strong></span> <span class='ocrx_word' id='word_1_131' title='bbox 328 1622 457 1697; x_wconf 83' lang='lat' dir='ltr'><strong>facere,</strong></span> <span class='ocrx_word' id='word_1_132' title='bbox 479 1623 755 1710; x_wconf 77' lang='lat' dir='ltr'><strong>praecognoscit,</strong></span> <span class='ocrx_word' id='word_1_133' title='bbox 779 1638 813 1689; x_wconf 89' lang='lat' dir='ltr'><strong>et</strong></span> <span class='ocrx_word' id='word_1_134' title='bbox 828 1619 1039 1708; x_wconf 88' lang='lat' dir='ltr'><strong>praecondit.</strong></span> <span class='ocrx_word' id='word_1_135' title='bbox 1067 1621 1162 1685; x_wconf 90' lang='lat' dir='ltr'><strong>Ideo·</strong></span> 
     </span>
    </p>
   </div>
   <div class='ocr_carea' id='block_1_3' title="bbox 65 1701 1277 1793">
    <p class='ocr_par' dir='ltr' id='par_1_3' title="bbox 65 1701 1277 1793">
     <span class='ocr_line' id='line_1_17' title="bbox 65 1701 1277 1793; baseline 0.003 -31"><span class='ocrx_word' id='word_1_136' title='bbox 65 1721 117 1784; x_wconf 86' lang='lat' dir='ltr'><strong>quc</strong></span> <span class='ocrx_word' id='word_1_137' title='bbox 138 1723 207 1770; x_wconf 90' lang='lat' dir='ltr'><strong>non</strong></span> <span class='ocrx_word' id='word_1_138' title='bbox 239 1703 409 1771; x_wconf 80' lang='lat' dir='ltr'><strong>immerito</strong></span> <span class='ocrx_word' id='word_1_139' title='bbox 440 1707 547 1770; x_wconf 83' lang='lat' dir='ltr'><strong>forma</strong></span> <span class='ocrx_word' id='word_1_140' title='bbox 569 1711 640 1786; x_wconf 78' lang='lat' dir='ltr'><strong>eius</strong></span> <span class='ocrx_word' id='word_1_141' title='bbox 660 1705 875 1782; x_wconf 64' lang='lat' dir='ltr'><strong>nominatum</strong></span> <span class='ocrx_word' id='word_1_142' title='bbox 906 1704 1069 1793; x_wconf 72' lang='lat' dir='ltr'><strong>siquidem</strong></span> <span class='ocrx_word' id='word_1_143' title='bbox 1090 1701 1163 1791; x_wconf 83' lang='lat' dir='ltr'><strong>ipl&#39;c</strong></span> <span class='ocrx_word' id='word_1_144' title='bbox 1276 1783 1277 1788; x_wconf 5' lang='grc' dir='ltr'>ἵ</span> 
     </span>
    </p>
   </div>
   <div class='ocr_carea' id='block_1_4' title="bbox 58 1783 1163 2936">
    <p class='ocr_par' dir='ltr' id='par_1_4' title="bbox 58 1783 1163 2804">
     <span class='ocr_line' id='line_1_18' title="bbox 64 1783 1162 1875; baseline 0.002 -29"><span class='ocrx_word' id='word_1_145' title='bbox 64 1785 291 1874; x_wconf 78' lang='lat' dir='ltr'><strong>perseipsum</strong></span> <span class='ocrx_word' id='word_1_146' title='bbox 313 1787 510 1875; x_wconf 86' lang='lat' dir='ltr'><strong>incognitus</strong></span> <span class='ocrx_word' id='word_1_147' title='bbox 533 1789 597 1864; x_wconf 84' lang='lat' dir='ltr'><strong>est,</strong></span> <span class='ocrx_word' id='word_1_148' title='bbox 633 1789 691 1855; x_wconf 82' lang='lat' dir='ltr'><strong>led</strong></span> <span class='ocrx_word' id='word_1_149' title='bbox 711 1789 749 1853; x_wconf 94' lang='lat' dir='ltr'><strong>in</strong></span> <span class='ocrx_word' id='word_1_150' title='bbox 770 1791 829 1854; x_wconf 85' lang='lat' dir='ltr'><strong>lua</strong></span> <span class='ocrx_word' id='word_1_151' title='bbox 848 1789 974 1865; x_wconf 78' lang='lat' dir='ltr'><strong>sonna,</strong></span> <span class='ocrx_word' id='word_1_152' title='bbox 1009 1805 1095 1875; x_wconf 85' lang='lat' dir='ltr'><strong>quae</strong></span> <span class='ocrx_word' id='word_1_153' title='bbox 1117 1783 1162 1854; x_wconf 82' lang='lat' dir='ltr'><strong>ett</strong></span> 
     </span>
     <span class='ocr_line' id='line_1_19' title="bbox 63 1865 1161 1960; baseline 0.004 -32"><span class='ocrx_word' id='word_1_154' title='bbox 63 1865 151 1946; x_wconf 85' lang='lat' dir='ltr'><strong>ratio,</strong></span> <span class='ocrx_word' id='word_1_155' title='bbox 183 1888 217 1934; x_wconf 89' lang='lat' dir='ltr'><strong>et</strong></span> <span class='ocrx_word' id='word_1_156' title='bbox 245 1871 367 1958; x_wconf 88' lang='lat' dir='ltr'><strong>fibiipfi</strong></span> <span class='ocrx_word' id='word_1_157' title='bbox 390 1887 424 1936; x_wconf 87' lang='lat' dir='ltr'><strong>et</strong></span> <span class='ocrx_word' id='word_1_158' title='bbox 444 1871 517 1936; x_wconf 84' lang='lat' dir='ltr'><strong>aliis</strong></span> <span class='ocrx_word' id='word_1_159' title='bbox 539 1895 579 1958; x_wconf 88' lang='lat' dir='ltr'><strong>ap</strong></span> <span class='ocrx_word' id='word_1_160' title='bbox 607 1893 698 1938; x_wconf 83' lang='lat' dir='ltr'><strong>arere</strong></span> <span class='ocrx_word' id='word_1_161' title='bbox 718 1873 853 1960; x_wconf 89' lang='lat' dir='ltr'><strong>incipit.</strong></span> <span class='ocrx_word' id='word_1_162' title='bbox 894 1874 982 1938; x_wconf 86' lang='lat' dir='ltr'><strong>Nam</strong></span> <span class='ocrx_word' id='word_1_163' title='bbox 1004 1871 1161 1959; x_wconf 86' lang='lat' dir='ltr'><strong>quemad·</strong></span> 
     </span>
     <span class='ocr_line' id='line_1_20' title="bbox 63 1896 1160 2044; baseline 0.005 -33"><span class='ocrx_word' id='word_1_164' title='bbox 63 1953 180 2016; x_wconf 86' lang='lat' dir='ltr'><strong>modum</strong></span> <span class='ocrx_word' id='word_1_165' title='bbox 202 1954 304 2018; x_wconf 79' lang='lat' dir='ltr'><strong>caula</strong></span> <span class='ocrx_word' id='word_1_166' title='bbox 326 1955 479 2020; x_wconf 82' lang='lat' dir='ltr'><strong>omniunt</strong></span> <span class='ocrx_word' id='word_1_167' title='bbox 502 1978 563 2042; x_wconf 87' lang='lat' dir='ltr'><strong>per</strong></span> <span class='ocrx_word' id='word_1_168' title='bbox 582 1896 742 2044; x_wconf 81' lang='lat' dir='ltr'><strong>ieiplam,</strong></span> <span class='ocrx_word' id='word_1_169' title='bbox 765 1979 870 2024; x_wconf 89' lang='lat' dir='ltr'><strong>neca</strong></span> <span class='ocrx_word' id='word_1_170' title='bbox 892 1953 938 2020; x_wconf 86' lang='lat' dir='ltr'><strong>[ei</strong></span> <span class='ocrx_word' id='word_1_171' title='bbox 964 1954 1015 2031; x_wconf 85' lang='lat' dir='ltr'><strong>la,</strong></span> <span class='ocrx_word' id='word_1_172' title='bbox 1037 1974 1104 2018; x_wconf 88' lang='lat' dir='ltr'><strong>ncc</strong></span> <span class='ocrx_word' id='word_1_173' title='bbox 1118 1951 1160 2016; x_wconf 85' lang='lat' dir='ltr'><strong>ab</strong></span> 
     </span>
     <span class='ocr_line' id='line_1_21' title="bbox 63 2031 1163 2132; baseline 0.002 -36"><span class='ocrx_word' id='word_1_174' title='bbox 63 2033 156 2120; x_wconf 84' lang='lat' dir='ltr'><strong>aliquo</strong></span> <span class='ocrx_word' id='word_1_175' title='bbox 177 2035 329 2103; x_wconf 79' lang='lat' dir='ltr'><strong>inveniri</strong></span> <span class='ocrx_word' id='word_1_176' title='bbox 350 2037 478 2124; x_wconf 84' lang='lat' dir='ltr'><strong>potest,</strong></span> <span class='ocrx_word' id='word_1_177' title='bbox 510 2038 569 2125; x_wconf 87' lang='lat' dir='ltr'><strong>qui</strong></span> <span class='ocrx_word' id='word_1_178' title='bbox 588 2040 646 2118; x_wconf 68' lang='lat' dir='ltr'><strong>fin</strong></span> <span class='ocrx_word' id='word_1_179' title='bbox 676 2039 712 2105; x_wconf 90' lang='lat' dir='ltr'><strong>in</strong></span> <span class='ocrx_word' id='word_1_180' title='bbox 735 2039 801 2104; x_wconf 79' lang='lat' dir='ltr'><strong>luis</strong></span> <span class='ocrx_word' id='word_1_181' title='bbox 822 2059 902 2104; x_wconf 80' lang='lat' dir='ltr'><strong>vero</strong></span> <span class='ocrx_word' id='word_1_182' title='bbox 957 2031 1163 2132; x_wconf 72' lang='lat' dir='ltr'><strong>heophaniis</strong></span> 
     </span>
     <span class='ocr_line' id='line_1_22' title="bbox 63 2119 1161 2208; baseline 0 -26"><span class='ocrx_word' id='word_1_183' title='bbox 63 2122 297 2201; x_wconf 71' lang='lat' dir='ltr'><strong>quodammodo</strong></span> <span class='ocrx_word' id='word_1_184' title='bbox 320 2121 557 2208; x_wconf 80' lang='lat' dir='ltr'><strong>cognoscitur;</strong></span> <span class='ocrx_word' id='word_1_185' title='bbox 581 2121 628 2186; x_wconf 87' lang='lat' dir='ltr'><strong>ita</strong></span> <span class='ocrx_word' id='word_1_186' title='bbox 650 2121 842 2188; x_wconf 87' lang='lat' dir='ltr'><strong>intellectus</strong></span> <span class='ocrx_word' id='word_1_187' title='bbox 864 2119 923 2208; x_wconf 74' lang='lat' dir='ltr'><strong>qui</strong></span> <span class='ocrx_word' id='word_1_188' title='bbox 944 2122 1075 2207; x_wconf 80' lang='lat' dir='ltr'><strong>semper</strong></span> <span class='ocrx_word' id='word_1_189' title='bbox 1099 2139 1161 2196; x_wconf 74' lang='lat' dir='ltr'><strong>crr-</strong></span> 
     </span>
     <span class='ocr_line' id='line_1_23' title="bbox 61 2201 1162 2292; baseline 0.002 -29"><span class='ocrx_word' id='word_1_190' title='bbox 61 2219 90 2263; x_wconf 87' lang='lat' dir='ltr'><strong>ca</strong></span> <span class='ocrx_word' id='word_1_191' title='bbox 114 2223 186 2270; x_wconf 86' lang='lat' dir='ltr'><strong>eum</strong></span> <span class='ocrx_word' id='word_1_192' title='bbox 214 2204 388 2281; x_wconf 68' lang='lat' dir='ltr'><strong>volvitur,</strong></span> <span class='ocrx_word' id='word_1_193' title='bbox 419 2220 454 2271; x_wconf 86' lang='lat' dir='ltr'><strong>et</strong></span> <span class='ocrx_word' id='word_1_194' title='bbox 485 2207 527 2268; x_wconf 86' lang='lat' dir='ltr'><strong>ad</strong></span> <span class='ocrx_word' id='word_1_195' title='bbox 559 2210 630 2285; x_wconf 87' lang='lat' dir='ltr'><strong>ejus</strong></span> <span class='ocrx_word' id='word_1_196' title='bbox 653 2204 837 2292; x_wconf 87' lang='lat' dir='ltr'><strong>imaginem</strong></span> <span class='ocrx_word' id='word_1_197' title='bbox 857 2204 1001 2270; x_wconf 88' lang='lat' dir='ltr'><strong>omnino</strong></span> <span class='ocrx_word' id='word_1_198' title='bbox 1020 2201 1162 2268; x_wconf 74' lang='lat' dir='ltr'><strong>similent</strong></span> 
     </span>
     <span class='ocr_line' id='line_1_24' title="bbox 60 2283 1160 2384; baseline 0.004 -39"><span class='ocrx_word' id='word_1_199' title='bbox 60 2287 197 2353; x_wconf 82' lang='lat' dir='ltr'><strong>conditus</strong></span> <span class='ocrx_word' id='word_1_200' title='bbox 219 2289 286 2364; x_wconf 78' lang='lat' dir='ltr'><strong>est,</strong></span> <span class='ocrx_word' id='word_1_201' title='bbox 309 2310 374 2354; x_wconf 89' lang='lat' dir='ltr'><strong>nec</strong></span> <span class='ocrx_word' id='word_1_202' title='bbox 396 2310 413 2352; x_wconf 87' lang='lat' dir='ltr'><strong>a</strong></span> <span class='ocrx_word' id='word_1_203' title='bbox 436 2288 581 2376; x_wconf 83' lang='lat' dir='ltr'><strong>seipso,</strong></span> <span class='ocrx_word' id='word_1_204' title='bbox 608 2308 673 2372; x_wconf 84' lang='lat' dir='ltr'><strong>nec</strong></span> <span class='ocrx_word' id='word_1_205' title='bbox 694 2293 735 2354; x_wconf 85' lang='lat' dir='ltr'><strong>ab</strong></span> <span class='ocrx_word' id='word_1_206' title='bbox 751 2289 863 2376; x_wconf 89' lang='lat' dir='ltr'><strong>aliquo</strong></span> <span class='ocrx_word' id='word_1_207' title='bbox 880 2286 1028 2374; x_wconf 79' lang='lat' dir='ltr'><strong>intelligi</strong></span> <span class='ocrx_word' id='word_1_208' title='bbox 1039 2283 1160 2384; x_wconf 77' lang='lat' dir='ltr'><strong>potest,</strong></span> 
     </span>
     <span class='ocr_line' id='line_1_25' title="bbox 62 2365 1162 2460; baseline 0.002 -30"><span class='ocrx_word' id='word_1_209' title='bbox 62 2371 127 2452; x_wconf 85' lang='lat' dir='ltr'><strong>qnid</strong></span> <span class='ocrx_word' id='word_1_210' title='bbox 146 2373 203 2448; x_wconf 66' lang='grc' dir='ltr'><strong>[ιη</strong></span> <span class='ocrx_word' id='word_1_211' title='bbox 228 2372 269 2438; x_wconf 89' lang='lat' dir='ltr'><strong>in</strong></span> <span class='ocrx_word' id='word_1_212' title='bbox 292 2372 425 2437; x_wconf 87' lang='lat' dir='ltr'><strong>ratione</strong></span> <span class='ocrx_word' id='word_1_213' title='bbox 445 2389 557 2437; x_wconf 87' lang='lat' dir='ltr'><strong>autern</strong></span> <span class='ocrx_word' id='word_1_214' title='bbox 580 2394 666 2459; x_wconf 90' lang='lat' dir='ltr'><strong>quae</strong></span> <span class='ocrx_word' id='word_1_215' title='bbox 687 2375 730 2438; x_wconf 87' lang='lat' dir='ltr'><strong>de</strong></span> <span class='ocrx_word' id='word_1_216' title='bbox 749 2371 822 2460; x_wconf 79' lang='lat' dir='ltr'><strong>ipio</strong></span> <span class='ocrx_word' id='word_1_217' title='bbox 843 2374 1013 2448; x_wconf 86' lang='lat' dir='ltr'><strong>nascitur,</strong></span> <span class='ocrx_word' id='word_1_218' title='bbox 1035 2365 1162 2456; x_wconf 88' lang='lat' dir='ltr'><strong>rncipit</strong></span> 
     </span>
     <span class='ocr_line' id='line_1_26' title="bbox 60 2454 1161 2626; baseline 0.003 -30"><span class='ocrx_word' id='word_1_219' title='bbox 60 2457 464 2622; x_wconf 50' lang='lat' dir='ltr'><strong>:Pttz‘tinlltldtt</strong></span> <span class='ocrx_word' id='word_1_220' title='bbox 477 2455 702 2605; x_wconf 49' lang='lat' dir='ltr'><strong>dliii-,iil</strong></span> <span class='ocrx_word' id='word_1_221' title='bbox 724 2454 1161 2626; x_wconf 45' lang='lat' dir='ltr'><strong>wlttlllltllt</strong></span> 
     </span>
     <span class='ocr_line' id='line_1_27' title="bbox 58 2561 1160 2708; baseline 0.004 -27"><span class='ocrx_word' id='word_1_222' title='bbox 58 2620 140 2700; x_wconf 86' lang='lat' dir='ltr'><strong>paulo</strong></span> <span class='ocrx_word' id='word_1_223' title='bbox 159 2621 233 2706; x_wconf 74' lang='lat' dir='ltr'><strong>poli</strong></span> <span class='ocrx_word' id='word_1_224' title='bbox 258 2623 411 2688; x_wconf 84' lang='lat' dir='ltr'><strong>confider</strong></span> <span class='ocrx_word' id='word_1_225' title='bbox 453 2561 534 2686; x_wconf 67' lang='lat' dir='ltr'><strong>iiuii</strong></span> <span class='ocrx_word' id='word_1_226' title='bbox 577 2627 628 2688; x_wconf 88' lang='lat' dir='ltr'><strong>De</strong></span> <span class='ocrx_word' id='word_1_227' title='bbox 649 2562 798 2688; x_wconf 64' lang='lat' dir='ltr'><strong>teduino</strong></span> <span class='ocrx_word' id='word_1_228' title='bbox 819 2637 935 2698; x_wconf 85' lang='lat' dir='ltr'><strong>motu,</strong></span> <span class='ocrx_word' id='word_1_229' title='bbox 957 2618 1034 2708; x_wconf 91' lang='lat' dir='ltr'><strong>quit</strong></span> <span class='ocrx_word' id='word_1_230' title='bbox 1045 2620 1102 2694; x_wconf 89' lang='lat' dir='ltr'><strong>lit,</strong></span> <span class='ocrx_word' id='word_1_231' title='bbox 1125 2632 1160 2685; x_wconf 86' lang='lat' dir='ltr'><strong>ct</strong></span> 
     </span>
     <span class='ocr_line' id='line_1_28' title="bbox 59 2703 1157 2804; baseline 0.003 -41"><span class='ocrx_word' id='word_1_232' title='bbox 59 2705 132 2766; x_wconf 86' lang='lat' dir='ltr'><strong>unde</strong></span> <span class='ocrx_word' id='word_1_233' title='bbox 146 2703 321 2791; x_wconf 86' lang='lat' dir='ltr'><strong>originem</strong></span> <span class='ocrx_word' id='word_1_234' title='bbox 337 2709 450 2779; x_wconf 88' lang='lat' dir='ltr'><strong>ducat,</strong></span> <span class='ocrx_word' id='word_1_235' title='bbox 469 2706 546 2770; x_wconf 83' lang='lat' dir='ltr'><strong>latis</strong></span> <span class='ocrx_word' id='word_1_236' title='bbox 560 2708 700 2785; x_wconf 87' lang='lat' dir='ltr'><strong>dictum,</strong></span> <span class='ocrx_word' id='word_1_237' title='bbox 718 2722 758 2770; x_wconf 91' lang='lat' dir='ltr'><strong>ut</strong></span> <span class='ocrx_word' id='word_1_238' title='bbox 767 2703 901 2804; x_wconf 86' lang='lat' dir='ltr'><strong>opinor.</strong></span> <span class='ocrx_word' id='word_1_239' title='bbox 923 2707 967 2770; x_wconf 90' lang='lat' dir='ltr'><strong>D.</strong></span> <span class='ocrx_word' id='word_1_240' title='bbox 979 2705 1037 2768; x_wconf 88' lang='lat' dir='ltr'><strong>Sat</strong></span> <span class='ocrx_word' id='word_1_241' title='bbox 1045 2703 1157 2788; x_wconf 81' lang='lat' dir='ltr'><strong>plane.</strong></span> 
     </span>
    </p>

    <p class='ocr_par' dir='ltr' id='par_1_5' title="bbox 106 2783 1159 2936">
     <span class='ocr_line' id='line_1_29' title="bbox 106 2783 1159 2936; baseline -0.004 -86"><span class='ocrx_word' id='word_1_242' title='bbox 106 2787 149 2850; x_wconf 87' lang='grc' dir='ltr'><strong>Μ.</strong></span> <span class='ocrx_word' id='word_1_243' title='bbox 173 2787 317 2854; x_wconf 88' lang='lat' dir='ltr'><strong>Tertius</strong></span> <span class='ocrx_word' id='word_1_244' title='bbox 338 2788 451 2874; x_wconf 88' lang='lat' dir='ltr'><strong>itaque</strong></span> <span class='ocrx_word' id='word_1_245' title='bbox 473 2789 568 2852; x_wconf 78' lang='lat' dir='ltr'><strong>restat</strong></span> <span class='ocrx_word' id='word_1_246' title='bbox 590 2806 719 2864; x_wconf 85' lang='lat' dir='ltr'><strong>motus,</strong></span> <span class='ocrx_word' id='word_1_247' title='bbox 744 2811 803 2936; x_wconf 63' lang='lat' dir='ltr'><strong>(put</strong></span> <span class='ocrx_word' id='word_1_248' title='bbox 826 2787 914 2853; x_wconf 90' lang='lat' dir='ltr'><strong>circa</strong></span> <span class='ocrx_word' id='word_1_249' title='bbox 934 2785 1078 2873; x_wconf 86' lang='lat' dir='ltr'><strong>lingulas</strong></span> <span class='ocrx_word' id='word_1_250' title='bbox 1097 2783 1159 2848; x_wconf 84' lang='lat' dir='ltr'><strong>fin·</strong></span> 
     </span>
    </p>
   </div>
   <div class='ocr_carea' id='block_1_5' title="bbox 57 2865 1157 2970">
    <p class='ocr_par' dir='ltr' id='par_1_6' title="bbox 57 2865 1157 2970">
     <span class='ocr_line' id='line_1_30' title="bbox 57 2865 1157 2970; baseline -0.001 -39"><span class='ocrx_word' id='word_1_251' title='bbox 57 2869 264 2970; x_wconf 76' lang='lat' dir='ltr'><strong>golammque</strong></span> <span class='ocrx_word' id='word_1_252' title='bbox 294 2893 406 2936; x_wconf 87' lang='lat' dir='ltr'><strong>rerum</strong></span> <span class='ocrx_word' id='word_1_253' title='bbox 435 2872 601 2945; x_wconf 84' lang='lat' dir='ltr'><strong>rationes,</strong></span> <span class='ocrx_word' id='word_1_254' title='bbox 638 2893 725 2959; x_wconf 88' lang='lat' dir='ltr'><strong>quae</strong></span> <span class='ocrx_word' id='word_1_255' title='bbox 775 2868 962 2957; x_wconf 86' lang='lat' dir='ltr'><strong>mpliciter,</strong></span> <span class='ocrx_word' id='word_1_256' title='bbox 988 2871 1073 2933; x_wconf 75' lang='lat' dir='ltr'><strong>troc</strong></span> <span class='ocrx_word' id='word_1_257' title='bbox 1102 2865 1157 2944; x_wconf 85' lang='lat' dir='ltr'><strong>cll,</strong></span> 
     </span>
    </p>
   </div>
   <div class='ocr_carea' id='block_1_6' title="bbox 59 2950 1268 3042">
    <p class='ocr_par' dir='ltr' id='par_1_7' title="bbox 59 2950 1268 3042">
     <span class='ocr_line' id='line_1_31' title="bbox 59 2950 1268 3042; baseline 0.001 -29"><span class='ocrx_word' id='word_1_258' title='bbox 59 2950 277 3020; x_wconf 72' lang='lat' dir='ltr'><strong>universaliter</strong></span> <span class='ocrx_word' id='word_1_259' title='bbox 305 2953 343 3020; x_wconf 92' lang='lat' dir='ltr'><strong>in</strong></span> <span class='ocrx_word' id='word_1_260' title='bbox 363 2953 635 3042; x_wconf 80' lang='lat' dir='ltr'><strong>primordialibus</strong></span> <span class='ocrx_word' id='word_1_261' title='bbox 657 2955 761 3020; x_wconf 84' lang='lat' dir='ltr'><strong>caulis</strong></span> <span class='ocrx_word' id='word_1_262' title='bbox 782 2952 942 3021; x_wconf 90' lang='lat' dir='ltr'><strong>conditae</strong></span> <span class='ocrx_word' id='word_1_263' title='bbox 961 2953 1057 3026; x_wconf 88' lang='lat' dir='ltr'><strong>lunt,</strong></span> <span class='ocrx_word' id='word_1_264' title='bbox 1086 2970 1159 3014; x_wconf 85' lang='lat' dir='ltr'><strong>ver·</strong></span> <span class='ocrx_word' id='word_1_265' title='bbox 1264 3007 1268 3014; x_wconf 92' lang='lat'>.</span> 
     </span>
    </p>
   </div>
   <div class='ocr_carea' id='block_1_7' title="bbox 41 3033 1237 4140">
    <p class='ocr_par' dir='ltr' id='par_1_8' title="bbox 41 3033 1237 4140">
     <span class='ocr_line' id='line_1_32' title="bbox 58 3033 1159 3182; baseline 0.003 -88"><span class='ocrx_word' id='word_1_266' title='bbox 58 3033 138 3101; x_wconf 85' lang='lat' dir='ltr'><strong>latur.</strong></span> <span class='ocrx_word' id='word_1_267' title='bbox 181 3043 228 3104; x_wconf 83' lang='lat' dir='ltr'><strong>Et</strong></span> <span class='ocrx_word' id='word_1_268' title='bbox 266 3061 345 3104; x_wconf 90' lang='lat' dir='ltr'><strong>cum</strong></span> <span class='ocrx_word' id='word_1_269' title='bbox 369 3062 408 3104; x_wconf 89' lang='lat' dir='ltr'><strong>ex</strong></span> <span class='ocrx_word' id='word_1_270' title='bbox 428 3038 632 3104; x_wconf 85' lang='lat' dir='ltr'><strong>lenfibilium</strong></span> <span class='ocrx_word' id='word_1_271' title='bbox 653 3061 765 3104; x_wconf 85' lang='lat' dir='ltr'><strong>rerum</strong></span> <span class='ocrx_word' id='word_1_272' title='bbox 786 3034 968 3136; x_wconf 75' lang='lat' dir='ltr'><strong>phantasiis</strong></span> <span class='ocrx_word' id='word_1_273' title='bbox 988 3057 1051 3182; x_wconf 80' lang='lat' dir='ltr'><strong>per</strong></span> <span class='ocrx_word' id='word_1_274' title='bbox 1072 3047 1159 3116; x_wconf 79' lang='lat' dir='ltr'><strong>exte·</strong></span> 
     </span>
     <span class='ocr_line' id='line_1_33' title="bbox 57 3116 1160 3188; baseline 0.002 -10"><span class='ocrx_word' id='word_1_275' title='bbox 57 3116 160 3186; x_wconf 88' lang='lat' dir='ltr'><strong>riorem</strong></span> <span class='ocrx_word' id='word_1_276' title='bbox 182 3124 321 3188; x_wconf 83' lang='lat' dir='ltr'><strong>sensuro</strong></span> <span class='ocrx_word' id='word_1_277' title='bbox 343 3123 401 3186; x_wconf 88' lang='lat' dir='ltr'><strong>fibi</strong></span> <span class='ocrx_word' id='word_1_278' title='bbox 425 3120 596 3188; x_wconf 81' lang='lat' dir='ltr'><strong>nunciatis</strong></span> <span class='ocrx_word' id='word_1_279' title='bbox 619 3138 733 3188; x_wconf 84' lang='lat' dir='ltr'><strong>motus</strong></span> <span class='ocrx_word' id='word_1_280' title='bbox 754 3122 804 3186; x_wconf 82' lang='lat' dir='ltr'><strong>fur</strong></span> <span class='ocrx_word' id='word_1_281' title='bbox 820 3118 997 3185; x_wconf 80' lang='lat' dir='ltr'><strong>substantia</strong></span> <span class='ocrx_word' id='word_1_282' title='bbox 1011 3118 1039 3186; x_wconf 87' lang='lat' dir='ltr'><strong>is</strong></span> <span class='ocrx_word' id='word_1_283' title='bbox 1052 3119 1160 3182; x_wconf 78' lang='lat' dir='ltr'><strong>sumat</strong></span> 
     </span>
     <span class='ocr_line' id='line_1_34' title="bbox 55 3201 1159 3292; baseline 0 -26"><span class='ocrx_word' id='word_1_284' title='bbox 55 3206 233 3281; x_wconf 80' lang='lat' dir='ltr'><strong>exordium,</strong></span> <span class='ocrx_word' id='word_1_285' title='bbox 280 3210 325 3271; x_wconf 87' lang='lat' dir='ltr'><strong>ad</strong></span> <span class='ocrx_word' id='word_1_286' title='bbox 358 3205 562 3292; x_wconf 85' lang='lat' dir='ltr'><strong>puriffirnam</strong></span> <span class='ocrx_word' id='word_1_287' title='bbox 592 3230 704 3272; x_wconf 88' lang='lat' dir='ltr'><strong>rerum</strong></span> <span class='ocrx_word' id='word_1_288' title='bbox 735 3205 890 3272; x_wconf 88' lang='lat' dir='ltr'><strong>omnium</strong></span> <span class='ocrx_word' id='word_1_289' title='bbox 920 3201 1159 3268; x_wconf 76' lang='lat' dir='ltr'><strong>discretionem</strong></span> 
     </span>
     <span class='ocr_line' id='line_1_35' title="bbox 57 3284 1158 3436; baseline -0.003 -85"><span class='ocrx_word' id='word_1_290' title='bbox 57 3305 104 3366; x_wconf 80' lang='lat' dir='ltr'><strong>ptr</strong></span> <span class='ocrx_word' id='word_1_291' title='bbox 128 3291 282 3355; x_wconf 87' lang='lat' dir='ltr'><strong>rationes</strong></span> <span class='ocrx_word' id='word_1_292' title='bbox 311 3289 465 3436; x_wconf 81' lang='lat' dir='ltr'><strong>proprias</strong></span> <span class='ocrx_word' id='word_1_293' title='bbox 494 3289 529 3353; x_wconf 93' lang='lat' dir='ltr'><strong>in</strong></span> <span class='ocrx_word' id='word_1_294' title='bbox 561 3289 713 3355; x_wconf 85' lang='lat' dir='ltr'><strong>effentias</strong></span> <span class='ocrx_word' id='word_1_295' title='bbox 742 3285 1016 3377; x_wconf 83' lang='lat' dir='ltr'><strong>generaliffimas,</strong></span> <span class='ocrx_word' id='word_1_296' title='bbox 1052 3284 1158 3383; x_wconf 82' lang='lat' dir='ltr'><strong>inqpe</strong></span> 
     </span>
     <span class='ocr_line' id='line_1_36' title="bbox 56 3370 1237 3510; baseline 0.002 -80"><span class='ocrx_word' id='word_1_297' title='bbox 56 3387 159 3510; x_wconf 72' lang='lat' dir='ltr'><strong>genera</strong></span> <span class='ocrx_word' id='word_1_298' title='bbox 188 3394 318 3462; x_wconf 86' lang='lat' dir='ltr'><strong>genera</strong></span> <span class='ocrx_word' id='word_1_299' title='bbox 334 3371 423 3446; x_wconf 87' lang='lat' dir='ltr'><strong>iora,</strong></span> <span class='ocrx_word' id='word_1_300' title='bbox 458 3371 586 3437; x_wconf 85' lang='lat' dir='ltr'><strong>deinde¹</strong></span> <span class='ocrx_word' id='word_1_301' title='bbox 607 3374 643 3437; x_wconf 92' lang='lat' dir='ltr'><strong>in</strong></span> <span class='ocrx_word' id='word_1_302' title='bbox 675 3375 798 3438; x_wconf 83' lang='lat' dir='ltr'><strong>formas</strong></span> <span class='ocrx_word' id='word_1_303' title='bbox 822 3370 1161 3459; x_wconf 69' lang='lat' dir='ltr'><strong>speciesquespeerr·</strong></span> <span class='ocrx_word' id='word_1_304' title='bbox 1232 3415 1237 3424; x_wconf 84' lang='lat'>.</span> 
     </span>
     <span class='ocr_line' id='line_1_37' title="bbox 66 3449 1160 3539; baseline 0.001 -25"><span class='ocrx_word' id='word_1_305' title='bbox 66 3449 190 3532; x_wconf 84' lang='lat' dir='ltr'><strong>tffimas,</strong></span> <span class='ocrx_word' id='word_1_306' title='bbox 222 3461 296 3521; x_wconf 88' lang='lat' dir='ltr'><strong>hoc</strong></span> <span class='ocrx_word' id='word_1_307' title='bbox 317 3455 379 3532; x_wconf 83' lang='lat' dir='ltr'><strong>est,</strong></span> <span class='ocrx_word' id='word_1_308' title='bbox 402 3454 439 3519; x_wconf 92' lang='lat' dir='ltr'><strong>in</strong></span> <span class='ocrx_word' id='word_1_309' title='bbox 459 3477 618 3520; x_wconf 82' lang='lat' dir='ltr'><strong>numeros</strong></span> <span class='ocrx_word' id='word_1_310' title='bbox 642 3455 905 3522; x_wconf 87' lang='lat' dir='ltr'><strong>innumerabiles</strong></span> <span class='ocrx_word' id='word_1_311' title='bbox 925 3451 1160 3539; x_wconf 86' lang='lat' dir='ltr'><strong>infinitosque,</strong></span> 
     </span>
     <span class='ocr_line' id='line_1_38' title="bbox 59 3529 1159 3626; baseline -0.004 -24"><span class='ocrx_word' id='word_1_312' title='bbox 59 3529 315 3608; x_wconf 71' lang='lat' dir='ltr'><strong>immutabilibus</strong></span> <span class='ocrx_word' id='word_1_313' title='bbox 338 3555 449 3602; x_wconf 88' lang='lat' dir='ltr'><strong>tamen</strong></span> <span class='ocrx_word' id='word_1_314' title='bbox 474 3555 613 3602; x_wconf 87' lang='lat' dir='ltr'><strong>naturae</strong></span> <span class='ocrx_word' id='word_1_315' title='bbox 635 3540 712 3603; x_wconf 84' lang='lat' dir='ltr'><strong>luae</strong></span> <span class='ocrx_word' id='word_1_316' title='bbox 734 3537 897 3626; x_wconf 74' lang='lat' dir='ltr'><strong>analogiis</strong></span> <span class='ocrx_word' id='word_1_317' title='bbox 919 3536 1053 3611; x_wconf 84' lang='lat' dir='ltr'><strong>finitos,</strong></span> <span class='ocrx_word' id='word_1_318' title='bbox 1085 3555 1159 3620; x_wconf 88' lang='lat' dir='ltr'><strong>pcr-</strong></span> 
     </span>
     <span class='ocr_line' id='line_1_39' title="bbox 57 3613 1212 3708; baseline -0.003 -26"><span class='ocrx_word' id='word_1_319' title='bbox 57 3621 151 3700; x_wconf 78' lang='lat' dir='ltr'><strong>venit3</strong></span> <span class='ocrx_word' id='word_1_320' title='bbox 183 3641 221 3690; x_wconf 89' lang='lat' dir='ltr'><strong>et</strong></span> <span class='ocrx_word' id='word_1_321' title='bbox 240 3623 304 3688; x_wconf 89' lang='lat' dir='ltr'><strong>illc</strong></span> <span class='ocrx_word' id='word_1_322' title='bbox 324 3637 438 3688; x_wconf 85' lang='lat' dir='ltr'><strong>motus</strong></span> <span class='ocrx_word' id='word_1_323' title='bbox 460 3621 519 3695; x_wconf 88' lang='lat' dir='ltr'><strong>est,</strong></span> <span class='ocrx_word' id='word_1_324' title='bbox 543 3621 603 3708; x_wconf 87' lang='lat' dir='ltr'><strong>qui</strong></span> <span class='ocrx_word' id='word_1_325' title='bbox 625 3625 751 3688; x_wconf 88' lang='lat' dir='ltr'><strong>Graece</strong></span> <span class='ocrx_word' id='word_1_326' title='bbox 773 3619 903 3689; x_wconf 71' lang='grc' dir='ltr'><strong>διάνοια</strong></span> <span class='ocrx_word' id='word_1_327' title='bbox 924 3619 980 3682; x_wconf 86' lang='lat' dir='ltr'><strong>vel</strong></span> <span class='ocrx_word' id='word_1_328' title='bbox 1002 3613 1159 3708; x_wconf 72' lang='grc' dir='ltr'><strong>ἐνέργεια,</strong></span> <span class='ocrx_word' id='word_1_329' title='bbox 1208 3671 1212 3678; x_wconf 93' lang='grc'><em>.</em></span> 
     </span>
     <span class='ocr_line' id='line_1_40' title="bbox 59 3698 1159 3792; baseline -0.005 -22"><span class='ocrx_word' id='word_1_330' title='bbox 59 3701 158 3771; x_wconf 76' lang='lat' dir='ltr'><strong>Latine</strong></span> <span class='ocrx_word' id='word_1_331' title='bbox 178 3729 266 3774; x_wconf 82' lang='lat' dir='ltr'><strong>vero</strong></span> <span class='ocrx_word' id='word_1_332' title='bbox 288 3705 402 3769; x_wconf 82' lang='lat' dir='ltr'><strong>lenius</strong></span> <span class='ocrx_word' id='word_1_333' title='bbox 423 3707 479 3769; x_wconf 86' lang='lat' dir='ltr'><strong>vel</strong></span> <span class='ocrx_word' id='word_1_334' title='bbox 502 3703 655 3792; x_wconf 89' lang='lat' dir='ltr'><strong>operatio</strong></span> <span class='ocrx_word' id='word_1_335' title='bbox 675 3721 836 3786; x_wconf 77' lang='lat' dir='ltr'><strong>vocatu13</strong></span> <span class='ocrx_word' id='word_1_336' title='bbox 858 3701 969 3791; x_wconf 86' lang='lat' dir='ltr'><strong>iplum</strong></span> <span class='ocrx_word' id='word_1_337' title='bbox 991 3700 1067 3766; x_wconf 91' lang='lat' dir='ltr'><strong>dico</strong></span> <span class='ocrx_word' id='word_1_338' title='bbox 1087 3698 1159 3764; x_wconf 83' lang='lat' dir='ltr'><strong>len·</strong></span> 
     </span>
     <span class='ocr_line' id='line_1_41' title="bbox 41 3779 1159 3880; baseline -0.004 -28"><span class='ocrx_word' id='word_1_339' title='bbox 41 3779 126 3866; x_wconf 67' lang='lat' dir='ltr'><strong>¹lom,</strong></span> <span class='ocrx_word' id='word_1_340' title='bbox 148 3793 210 3880; x_wconf 90' lang='lat' dir='ltr'><strong>qui</strong></span> <span class='ocrx_word' id='word_1_341' title='bbox 231 3787 458 3856; x_wconf 75' lang='lat' dir='ltr'><strong>substantialis</strong></span> <span class='ocrx_word' id='word_1_342' title='bbox 480 3789 541 3866; x_wconf 86' lang='lat' dir='ltr'><strong>eli,</strong></span> <span class='ocrx_word' id='word_1_343' title='bbox 563 3804 598 3853; x_wconf 86' lang='lat' dir='ltr'><strong>et</strong></span> <span class='ocrx_word' id='word_1_344' title='bbox 620 3787 780 3866; x_wconf 87' lang='lat' dir='ltr'><strong>interior,</strong></span> <span class='ocrx_word' id='word_1_345' title='bbox 825 3785 863 3850; x_wconf 90' lang='lat' dir='ltr'><strong>ui</strong></span> <span class='ocrx_word' id='word_1_346' title='bbox 884 3783 1034 3852; x_wconf 74' lang='lat' dir='ltr'><strong>similiter</strong></span> <span class='ocrx_word' id='word_1_347' title='bbox 1053 3784 1094 3848; x_wconf 87' lang='lat' dir='ltr'><strong>ab</strong></span> <span class='ocrx_word' id='word_1_348' title='bbox 1107 3781 1159 3848; x_wconf 86' lang='lat' dir='ltr'><strong>in-</strong></span> 
     </span>
     <span class='ocr_line' id='line_1_42' title="bbox 61 3869 1159 3968; baseline -0.001 -35"><span class='ocrx_word' id='word_1_349' title='bbox 61 3871 177 3940; x_wconf 78' lang='lat' dir='ltr'><strong>tellectu</strong></span> <span class='ocrx_word' id='word_1_350' title='bbox 197 3872 360 3963; x_wconf 84' lang='lat' dir='ltr'><strong>procedit</strong></span> <span class='ocrx_word' id='word_1_351' title='bbox 379 3895 440 3960; x_wconf 87' lang='lat' dir='ltr'><strong>per</strong></span> <span class='ocrx_word' id='word_1_352' title='bbox 459 3872 638 3938; x_wconf 83' lang='lat' dir='ltr'><strong>rationem.</strong></span> <span class='ocrx_word' id='word_1_353' title='bbox 681 3873 794 3938; x_wconf 81' lang='lat' dir='ltr'><strong>Omne</strong></span> <span class='ocrx_word' id='word_1_354' title='bbox 840 3869 976 3968; x_wconf 76' lang='lat' dir='ltr'><strong>quidem</strong></span> <span class='ocrx_word' id='word_1_355' title='bbox 998 3869 1091 3956; x_wconf 86' lang='lat' dir='ltr'><strong>quod</strong></span> <span class='ocrx_word' id='word_1_356' title='bbox 1106 3888 1159 3964; x_wconf 57' lang='lat' dir='ltr'><strong>sn:</strong></span> 
     </span>
     <span class='ocr_line' id='line_1_43' title="bbox 61 3953 1157 4046; baseline -0.01 -21"><span class='ocrx_word' id='word_1_357' title='bbox 61 3954 193 4026; x_wconf 73' lang='lat' dir='ltr'><strong>ttilectus</strong></span> <span class='ocrx_word' id='word_1_358' title='bbox 214 3981 259 4026; x_wconf 84' lang='lat' dir='ltr'><strong>ex</strong></span> <span class='ocrx_word' id='word_1_359' title='bbox 280 3953 552 4046; x_wconf 87' lang='lat' dir='ltr'><strong>primordialium</strong></span> <span class='ocrx_word' id='word_1_360' title='bbox 574 3957 747 4022; x_wconf 85' lang='lat' dir='ltr'><strong>caularum</strong></span> <span class='ocrx_word' id='word_1_361' title='bbox 760 3955 911 4043; x_wconf 77' lang='lat' dir='ltr'><strong>gnostico</strong></span> <span class='ocrx_word' id='word_1_362' title='bbox 922 3953 1082 4020; x_wconf 87' lang='lat' dir='ltr'><strong>contuitu</strong></span> <span class='ocrx_word' id='word_1_363' title='bbox 1095 3965 1157 4015; x_wconf 84' lang='lat' dir='ltr'><strong>aru</strong></span> 
     </span>
     <span class='ocr_line' id='line_1_44' title="bbox 62 4033 1160 4140; baseline -0.005 -37"><span class='ocrx_word' id='word_1_364' title='bbox 62 4033 136 4116; x_wconf 81' lang='lat' dir='ltr'><strong>lose,</strong></span> <span class='ocrx_word' id='word_1_365' title='bbox 165 4047 236 4112; x_wconf 88' lang='lat' dir='ltr'><strong>hoc</strong></span> <span class='ocrx_word' id='word_1_366' title='bbox 273 4039 338 4119; x_wconf 78' lang='lat' dir='ltr'><strong>eli,</strong></span> <span class='ocrx_word' id='word_1_367' title='bbox 368 4037 495 4108; x_wconf 87' lang='lat' dir='ltr'><strong>rationi</strong></span> <span class='ocrx_word' id='word_1_368' title='bbox 524 4039 693 4140; x_wconf 71' lang='lat' dir='ltr'><strong>imprimit</strong></span> <span class='ocrx_word' id='word_1_369' title='bbox 711 4061 773 4129; x_wconf 90' lang='lat' dir='ltr'><strong>per</strong></span> <span class='ocrx_word' id='word_1_370' title='bbox 793 4039 925 4105; x_wconf 82' lang='lat' dir='ltr'><strong>lenium</strong></span> <span class='ocrx_word' id='word_1_371' title='bbox 945 4039 1043 4102; x_wconf 79' lang='lat' dir='ltr'><strong>suom</strong></span> <span class='ocrx_word' id='word_1_372' title='bbox 1064 4057 1105 4099; x_wconf 79' lang='lat' dir='ltr'><strong>cx</strong></span> <span class='ocrx_word' id='word_1_373' title='bbox 1125 4033 1160 4098; x_wconf 85' lang='lat' dir='ltr'><strong>le</strong></span> 
     </span>
    </p>
   </div>
   <div class='ocr_carea' id='block_1_8' title="bbox 61 4113 1157 4278">
    <p class='ocr_par' dir='ltr' id='par_1_9' title="bbox 61 4113 1157 4278">
     <span class='ocr_line' id='line_1_45' title="bbox 61 4113 1157 4278; baseline -0.006 -89"><span class='ocrx_word' id='word_1_374' title='bbox 61 4128 306 4204; x_wconf 73' lang='lat' dir='ltr'><strong>procedentem,</strong></span> <span class='ocrx_word' id='word_1_375' title='bbox 328 4129 468 4278; x_wconf 66' lang='lat' dir='ltr'><strong>eiuappe</strong></span> <span class='ocrx_word' id='word_1_376' title='bbox 487 4124 697 4213; x_wconf 73' lang='lat' dir='ltr'><strong>operationis</strong></span> <span class='ocrx_word' id='word_1_377' title='bbox 717 4120 861 4192; x_wconf 83' lang='lat' dir='ltr'><strong>nomine</strong></span> <span class='ocrx_word' id='word_1_378' title='bbox 874 4123 1098 4210; x_wconf 83' lang='lat' dir='ltr'><strong>appellatum,</strong></span> <span class='ocrx_word' id='word_1_379' title='bbox 1119 4113 1157 4182; x_wconf 86' lang='lat' dir='ltr'><strong>in</strong></span> 
     </span>
    </p>
   </div>
   <div class='ocr_carea' id='block_1_9' title="bbox 61 4197 1160 4301">
    <p class='ocr_par' dir='ltr' id='par_1_10' title="bbox 61 4197 1160 4301">
     <span class='ocr_line' id='line_1_46' title="bbox 61 4197 1160 4301; baseline -0.007 -18"><span class='ocrx_word' id='word_1_380' title='bbox 61 4209 196 4294; x_wconf 62' lang='lat' dir='ltr'><strong>moria</strong></span> <span class='ocrx_word' id='word_1_381' title='bbox 219 4209 378 4281; x_wconf 74' lang='lat' dir='ltr'><strong>rationes</strong></span> <span class='ocrx_word' id='word_1_382' title='bbox 452 4211 606 4298; x_wconf 64' lang='lat' dir='ltr'><strong>saluum</strong></span> <span class='ocrx_word' id='word_1_383' title='bbox 626 4213 759 4289; x_wconf 73' lang='lat' dir='ltr'><strong>rerum,</strong></span> <span class='ocrx_word' id='word_1_384' title='bbox 792 4227 880 4301; x_wconf 85' lang='lat' dir='ltr'><strong>quac</strong></span> <span class='ocrx_word' id='word_1_385' title='bbox 898 4197 1160 4296; x_wconf 62' lang='lat' dir='ltr'><strong>primordialiter</strong></span> 
     </span>
    </p>
   </div>
   <div class='ocr_carea' id='block_1_10' title="bbox 0 0 1460 4978">
    <p class='ocr_par' dir='ltr' id='par_1_11' title="bbox 0 0 1460 4978">
     <span class='ocr_line' id='line_1_47' title="bbox 0 0 1460 4978; baseline 0 2"><span class='ocrx_word' id='word_1_386' title='bbox 0 0 1460 4978; x_wconf 95' lang='lat' dir='ltr'><strong> </strong></span> 
     </span>
    </p>
   </div>
  </div>
 </body>
</html>
