2856 4978
458 234 565 320 tete·
590 195 743 327 rasam.
1005 273 1007 283 ·
1077 248 1154 328 stt
1190 301 1195 308 ·
1251 293 1259 308 ·

70 453 130 511 tes,·
151 454 258 522 neque
286 431 420 504 veritati
442 432 633 504 couvenire
659 431 869 512 judicamus,
905 433 1029 499 molera
1059 433 1151 504 illam
1233 481 1236 488 ·

67 537 192 584 terream
212 515 322 602 primo
345 515 496 580 omnium
517 515 617 582 inille·
635 532 796 602 creatam,
818 515 984 595 etlilium
1007 519 1153 600 abydum

66 602 202 687 undiquc
221 599 315 669 circa'
331 598 422 665 illam
446 598 614 674 diffusam,
638 599 829 696 deindeque
850 598 1098 669 firmamentum
1114 604 1152 668 in

64 685 165 750 medio
186 706 344 770 aquarum
367 665 512 756 facium,
544 683 666 749 deinde
687 683 887 755 infertorum
912 701 1071 770 equarum
1095 685 1153 754 sub
1253 693 1258 701 ’

64 771 148 834 coelo
166 764 430 841 remanentium,
451 767 488 834 in
512 788 619 833 unum
641 769 755 832 locum
769 766 1024 842 collectionem,
1046 770 1153 836 ullum

63 855 170 916 horum
190 850 343 916 localiter
364 850 634 936 temporaliterve
654 850 749 914 aliud
768 849 968 936 proceffille,
992 853 1153 939 liquidem

62 939 134 1000 haec
154 933 284 1009 omnia,
307 949 580 1020 caeterarumque
604 933 784 1008 visibilium
801 957 911 1002 rerum
928 952 1046 1002 natura
1058 938 1154 1005 stmul

60 1035 90 1083 et
106 1019 202 1084 semel
225 1017 363 1084 condita
385 1018 478 1094 lunt,
503 1017 569 1084 luis
590 1017 811 1104 temporibus.
836 1033 870 1082 et
886 1019 970 1084 locie
988 1021 1152 1098 ordinata,

59 1101 299 1176 emersurum,
332 1100 527 1188 nulliusque
548 1121 663 1167 corum
687 1101 859 1188 generatio
880 1101 917 1168 in
943 1103 1085 1180 lurraae,
1120 1119 1155 1170 et

60 1185 192 1270 species,
216 1183 446 1272 quantitates,
476 1201 511 1249 et
539 1186 716 1271 qualitates
744 1184 997 1271 generationem
1018 1188 1154 1256 alterius

59 1269 287 1355 temporalibus
313 1267 454 1333 morulis
480 1267 760 1356 praeoccupatum
796 1269 852 1336 sed
874 1271 1032 1339 fimul'ex
1053 1288 1155 1341 aeter·

59 1353 104 1416 nis
130 1352 194 1421 [uit
224 1351 430 1425 rationibus.
474 1353 511 1417 in
552 1353 674 1438 quibus
705 1351 919 1428 ellentialiter.
945 1353 1088 1423 existunt
1116 1356 1154 1423 in
1230 1389 1234 1397 =

58 1439 148 1501 verbo
182 1435 272 1510 Dei.
311 1440 580 1523 unumquodque
602 1437 786 1522 iucundum
808 1457 914 1522 genua
946 1452 981 1506 et
1008 1437 1154 1523 speciem

57 1519 151 1593 luam,
182 1541 411 1606 numerosque
439 1519 638 1585 individuos
668 1521 868 1618 precelleret
904 1519 1040 1587 Senaria
1062 1544 1155 1588 naru-

57 1623 112 1748 que
129 1605 182 1667 lex
201 1603 391 1692 primorum
414 1603 544 1668 dierum
568 1619 754 1690 quantitas,
777 1619 812 1668 et
832 1603 1057 1690 intelligibilis
1070 1605 1154 1676 divi·
1218 1637 1230 1650 ,

44 1755 46 1762 ‚
77 1707 94 1749 o
113 1689 152 1752 de
173 1688 278 1752 caulis
301 1687 515 1755 conditarum
536 1710 665 1760 rerum,
696 1691 803 1772 deque
825 1687 935 1772 primo
958 1709 1071 1752 earum
1092 1689 1154 1754 im·

76 1784 125 1832 ctu
150 1771 247 1836 fimul
268 1769 305 1834 in
327 1770 469 1857 primam
491 1770 612 1836 mundi
634 1774 734 1850 hujus
757 1769 1031 1836 constitutionem
1053 1771 1153 1839 intel·

56 1792 174 1937 ligitur,
208 1869 246 1918 et
272 1856 364 1942 quod
393 1856 493 1919 semel
523 1870 558 1918 et
583 1855 677 1918 fimul
708 1877 726 1918 a
761 1870 910 1918 creatore
947 1855 1074 1921 factum
1096 1855 1151 1930 eit,

56 1934 160 2000 leuarii
181 1936 317 2002 numeri
339 1937 570 2024 perfectione,
594 1959 612 2002 a
634 1939 655 2001 S
684 1936 763 2002 ’ritu
783 1939 906 2002 Sancto
924 1960 988 2083 per
1007 1940 1155 2024 Prophe·

57 2031 113 2084 tatu
132 2020 349 2108 distinguitur
369 2041 439 2086 non
464 2037 632 2107 tempore,
657 1961 719 2086 lid
740 2017 949 2106 intelligibit
972 2017 1154 2087 distinctio·

56 2121 107 2194 ne,
126 2120 164 2168 ut
184 2127 248 2190 per
269 2105 403 2170 numeri
424 2097 584 2170 'virtutem
609 2103 744 2174 divinae
767 2103 973 2190 operationis
983 2103 1152 2204 perfectio

56 2183 265 2262 indicaretur3
291 2187 348 2252 hic
369 2199 516 2275 namque
537 2201 697 2252 numerus
719 2186 785 2250 luit
808 2187 959 2272 partibus
980 2191 1151 2272 ampletttr,

56 2287 108 2332 uec
135 2285 246 2336 totum
272 2287 381 2367 partes
410 2273 560 2356 superat,
594 2293 658 2334 nec
687 2285 797 2354 partes
832 2283 963 2342 totum3
998 2284 1039 2332 ut
1060 2269 1151 2334 enim

55 2357 300 2440 voxpraecedtt
320 2358 460 2436 verbum
482 2376 552 2419 non
576 2369 748 2439 ternpore,
783 2351 979 2426 sedecula,
1005 2355 1047 2418 de
1067 2373 1152 2418 voce
1279 2405 1288 2416 .

55 2433 198 2519 liquidem
235 2437 453 2514 atvertum,
483 2437 600 2514 ¹veluti
624 2437 829 2521 dequadarn
851 2436 989 2500 materia
1012 2435 1153 2508 informi

54 2537 159 2604 corpus
180 2523 353 2608 quoddam
374 2522 574 2587 formatumt
609 2521 653 2585 fic
676 2523 718 2586 de
739 2519 843 2584 causas
859 2521 977 2590 ‚adhuc
993 2519 1154 2608 'incogni-

7 2603 8 2610 '
55 2599 106 2676 tit,
139 2627 176 2680 ac
197 2603 312 2676 vel'uti
331 2605 575 2680 invisibilibus,
598 2603 716 2682 lormie
738 2607 848 2668 adhuc
869 2601 1061 2670 carentibus
1084 2625 1153 2668 om·

53 2682 134 2750 nium
156 2711 270 2754 rerum
293 2689 474 2752 vilrbilium
496 2687 663 2762 conditis,
688 2686 791 2751 nullis
814 2701 1005 2771 temporum
1026 2687 1151 2773 spatiis,

52 2769 97 2828 vel
121 2771 274 2840 locorum
301 2770 528 2858 interposuit,
573 2771 669 2840 limul
701 2769 738 2834 in
768 2773 894 2834 formas
927 2789 1154 2857 numerosque

7 2917 9 2942 ᾖ
52 2849 195 2916 locorum
215 2871 250 2915 et
278 2871 468 2942 temporum
498 2857 665 2941 producta
696 2853 758 2916 elit
792 2869 827 2918 et
855 2851 915 2940 qui
952 2856 994 2917 de
1014 2849 1152 2918 materia

7 2963 8 2968 κ
52 2930 175 3002 informi
203 2939 372 3001 mundum
402 2937 502 3011 fecit,
534 2939 819 3018 quemadmodum
845 2953 916 2996 non
941 2936 1079 2996 aliunde
1101 2955 1153 2998 ac·

52 3036 84 3079 ce
105 3017 131 3082 it
148 3014 347 3104 materiam:
374 3021 416 3084 de
435 3039 501 3104 qua
522 3018 667 3091 fecerat,
703 3018 759 3082 led
780 3019 822 3084 de
842 3015 968 3102 seipso,
993 3032 1028 3080 et
1047 3015 1084 3080 in
1106 3017 1153 3082 le·

52 3041 112 3183 ipll
133 3119 166 3168 et
187 3103 340 3189 accepit,
375 3117 408 3166 et
429 3102 528 3177 fecit3
565 3100 613 3165 ita
633 3121 745 3185 neque
765 3101 840 3165 loca
864 3111 955 3164 extra
976 3100 1009 3164 le
1031 3101 1153 3188 quaest·
1247 3147 1254 3168 .

51 3183 110 3256 vit,
131 3187 313 3286 inquibus
334 3157 475 3264 iaceret,
498 3206 609 3271 neque
631 3200 783 3331 tempora
804 3183 984 3270 spectavit,
1008 3206 1152 3270 quorum

8 3279 9 3282 ’
51 3262 223 3336 interralhs
252 3291 337 3356 opus
360 3270 455 3334 suum
477 3285 671 3356 perageret,
720 3267 818 3332 edin
841 3266 947 3355 seipso
970 3268 1084 3334 omnia
1106 3269 1153 3332 fe·

53 3349 110 3424 cit,
141 3355 199 3438 qui
221 3357 317 3418 locus
339 3355 492 3420 omnium
516 3354 579 3426 est,
604 3369 638 3416 et
659 3368 793 3438 tempus
816 3368 1027 3439 temporum,
1052 3369 1087 3417 et
1106 3351 1152 3416 le·

52 3435 151 3498 culum
172 3440 381 3510 seculorum
405 3437 464 3523 qui
486 3430 580 3500 [amul
603 3453 760 3522 operatus
782 3435 843 3514 est,
868 3435 982 3502 omnia
1004 3435 1151 3506 enimin

51 3536 213 3584 momento
234 3520 325 3586 oculi
347 3521 436 3586 facta
458 3522 544 3584 lunt.
583 3523 674 3590 ,Nam
697 3535 731 3584 et
753 3541 812 3594 ea,
848 3543 934 3606 quae
957 3519 1153 3606 percursus
1249 3573 1255 3592 ,

51 3611 230 3687 temporum
245 3603 397 3668 distincta
410 3602 662 3690 generationem
683 3620 896 3689 acceperunt,
919 3618 953 3666 et
967 3600 1151 3687 accipiunt,

53 3696 80 3744 et
99 3703 275 3774 acceptura
297 3687 394 3762 sunt,
430 3682 524 3750 srmul
547 3703 581 3752 et
602 3687 702 3755 semel
722 3685 760 3752 iu
780 3685 853 3772 ipso
879 3687 966 3750 facta
988 3685 1083 3757 sunt,
1113 3680 1152 3744 in
1249 3709 1259 3722 =

70 3787 108 3833 uo
129 3787 163 3836 et
183 3770 380 3859 praeterita,
403 3785 436 3834 et
482 3769 664 3843 melenriu,
692 3783 726 3832 et
747 3769 860 3832 futura
883 3768 919 3832 in
942 3789 1050 3831 unum
1073 3765 1152 3828 lun-t
1284 3771 1294 3798 ⁸

101 3856 134 3918 ul
152 3872 190 3920 et
209 3856 320 3920 semel.
362 3855 446 3918 Prae
470 3853 537 3918 ieta
559 3852 673 3938 itaque
695 3849 860 3936 opinione
881 3851 1031 3937 repulsa,
1049 3871 1151 3935 quae·

51 3932 266 4026 riturqualea
294 3959 400 4025 aquae
426 3937 487 4002 lub
517 3939 633 4010 coelo,
665 3956 750 4021 quae
773 3950 993 4021 congregatae
1015 3934 1093 3998 lunt
1112 3933 1150 3998 in
1220 3935 1225 3953 “

50 4013 152 4086 locum
181 4045 309 4099 unum,
343 4037 379 4086 et
406 4019 483 4109 quis
514 4021 559 4086 ell
577 4022 672 4087 locus
695 4017 754 4084 ille
773 4040 875 4083 unus.
916 4022 1030 4105 Aquae
1052 4016 1151 4166 qhgui2

53 4097 119 4166 (lem
137 4105 303 4172 [enubilet
317 4091 347 4180 .'
367 4127 456 4194 quae
474 4104 607 4194 vulgari
629 4103 797 4168 vocabulo
817 4101 922 4168 marie
940 4117 975 4166 et
995 4104 1058 4185 aby
1104 4115 1153 4165 »et
1232 4161 1236 4168 .

7 4259 10 4278 ,
53 4187 161 4272 “emi
180 4191 414 4277 appellantur,
436 4209 515 4256 mox
535 4203 575 4256 ut
596 4211 636 4256 ex
657 4185 801 4254 occultis
822 4185 889 4254 luis
910 4185 1016 4254 causta
1036 4201 1151 4266 erupe·
1217 4181 1221 4198 '

678 4309 827 4393 tr*¹
