2856 4978
449 223 559 302 salse?
578 223 736 300 Tarm.
941 157 944 168 ι
1063 224 1147 302 m

57 431 180 482 nam·
211 409 313 480 llune
339 408 488 500 primum
518 409 705 480 auimatum
733 408 858 480 animal
882 425 1022 488 ereatura
1066 411 1147 482 Get·

56 497 139 566 mirra
167 493 256 564 mim
285 509 322 560 et
341 497 492 572 arboren·
526 496 584 562 etii
603 496 719 562 vivere
740 496 896 564 dieantur
938 512 1055 586 reptet
1072 517 1148 596 par·

56 578 275 668 Quonam
294 578 479 650 nutritivae
499 594 534 646 et
553 578 683 646 activae
702 577 856 671 rimatio,
880 521 937 646 adp
945 601 1016 646 nou
1042 594 1147 646 ettam

56 661 217 739 mimalia,
236 683 349 750 neque
370 660 517 728 animata
531 662 642 730 sunt.”
668 663 851 750 Gregorius
870 663 955 736 irem
967 663 1148 746 Nylleuttt.

57 747 110 834 qui
134 744 238 814 etiam
256 744 491 812 Nazianzenus
510 761 671 821 vocatur,
705 743 870 834 praedicti
888 745 1001 812 Basilii
1044 760 1148 812 erma·

54 853 112 898 aut
135 829 253 906 buter,
280 827 319 894 in
346 827 498 896 sermone
525 829 568 894 'ale
595 832 756 913 imagine,
787 851 860 917 oap.
880 841 958 910 gro.
999 873 1021 906 „
1057 843 1148 904 ooet,

54 916 166 1000 iuquit,
193 911 281 978 ratio
307 911 346 976 iu
372 911 480 978 tribua
513 911 713 980 differentiis
744 911 881 980 vitalem
900 911 1148 998 animalemque
1271 923 1279 944 ¹

52 997 202 1064 virtutem
216 994 432 1066 ,confidant
474 997 549 1064 Una
570 997 662 1064 enim
683 999 848 1086 quaedam
867 997 913 1062 ell
933 995 1150 1084 quaesoluru·

52 1083 146 1161 modo
168 1077 417 1146 incrementum
444 1081 502 1146 dat
528 1095 563 1144 et
593 1080 725 1158 nutrita
761 1095 796 1148 et
815 1094 959 1150 voantur
981 1076 1093 1145 activa
1114 1089 1150 1142 et

52 1161 242 1240 nutritoria,
269 1161 350 1261 quia
376 1161 413 1228 in
441 1185 483 1230 au
543 1179 661 1230 autum
682 1169 754 1245 eiua
772 1165 864 1254 qued
885 1160 1035 1228 nutritur
1056 1158 1151 1259 quio·

54 1246 129 1345 quid
146 1241 355 1346 convenient
376 1247 460 1312 ella
488 1263 557 1314 ert:
583 1247 654 1336 ipsa
675 1247 779 1315 etiam
798 1243 990 1345 germinalis
1006 1244 1151 1344 dieitur,

52 1347 190 1480 irrisi
205 1351 358 1478 tul:
378 1330 887 1501 lll‘lffiltitlll
908 1346 1151 1502 {iiim

53 1495 162 1582 telligi.
205 1496 318 1562 Altera
344 1517 427 1563 vero
448 1511 580 1584 praeter
601 1501 690 1564 hane
710 1497 837 1585 speciet
856 1496 948 1562 vitae
970 1495 1031 1571 ell.
1064 1513 1151 1583 quae

55 1597 84 1646 et
107 1583 171 1648 hoo
190 1581 295 1646 habet
337 1579 407 1646 uod
428 1578 601 1668 praedicta
621 1579 780 1669 possidet,
810 1579 948 1668 insuper
969 1579 1070 1646 etiam
1089 1599 1152 1666 per·

52 1664 171 1729 sensum
192 1660 321 1728 admin'
365 1662 412 1728 ari
434 1662 580 1750 accepit}
603 1685 688 1753 quae
709 1663 835 1751 speciea
856 1663 894 1730 in
903 1678 1023 1730 natura
1037 1684 1151 1730 rerum

52 1744 322 1812 irrationabilium
346 1747 400 1811 est.
433 1748 529 1812 ,Nam
549 1767 621 1813 non
642 1749 750 1814 solum
770 1745 880 1814 nutrit
900 1760 1071 1835 mangot,
1093 1745 1152 1828 sed

54 1830 142 1896 etiam
157 1829 343 1897 sensualem
361 1829 593 1917 operationem
607 1830 930 1919 perceptionemque
939 1832 1052 1898 habet.
1073 1829 1151 1896 Per·

53 1913 130 1978 saeta
154 1933 238 1996 vero
265 1911 304 1978 in
331 1932 472 2001 eor-pore
492 1911 563 1978 vita
583 1912 621 1980 in
641 1913 855 1992 rationabili,
890 1917 1039 1982 humana
1061 1911 1150 1988 dico,

50 1997 203 2063 formatur
223 2011 364 2074 natura,
401 2011 436 2062 et
455 1995 621 2063 nutritiva
641 1998 703 2076 est,
734 2014 770 2062 et
789 1997 965 2076 sensualia,
997 2011 1032 2064 et
1050 1993 1152 2062 ratio·

54 2102 121 2146 nun
139 2076 340 2177 partieipat,
363 2094 399 2144 et
418 2077 532 2146 animo
552 2079 748 2147 miuillrat.”
782 2083 876 2148 Idem
898 2079 935 2148 in
950 2083 1072 2148 eodem
1087 2080 1154 2146 ser·
1265 2095 1284 2169 ’1

53 2185 160 2240 moue,
185 2177 312 2252 quanto
341 2159 474 2230 decimo
506 2162 635 2261 eapitet
671 2180 780 2242 ‚,trea‚
811 2169 942 2251 iaqaits
964 2164 1152 2232 secundum

53 2245 176 2314 vitalem
193 2243 372 2314 mixturam
394 2245 599 2313 differentiae
620 2247 707 2316 ratio
728 2247 882 2315 invenite
914 2246 1058 2336 primam
1079 2244 1152 2334 qui·

54 2331 118 2395 dem
142 2327 364 2404 nutritivam,
393 2330 464 2394 fine
490 2330 608 2400 sensut
636 2332 817 2401 secundam
848 2353 930 2400 vero
950 2329 1151 2414 nutritivam

53 2411 175 2500 quidem
202 2427 240 2478 et
261 2411 467 2491 [unitivam.
498 2433 537 2478 ex
563 2430 770 2490 ertemrsero
790 2415 965 2485 rationalia
986 2413 1153 2504 operatio-

53 2495 114 2562 nit=
139 2501 225 2562 lteru
247 2495 380 2562 tertiam
401 2437 636 2564 rationaiilem
658 2516 693 2564 et
712 2499 914 2586 perfectam,
948 2513 1154 2648 omnempue

53 2577 199 2646 virtutem
221 2585 490 2666 penetrantem.”
531 2581 734 2668 Augustinus
758 2582 795 2649 iu
816 2583 904 2649 libro
926 2587 1068 2650 devera
1119 2603 1153 2646 e·

52 2661 186 2748 ligioue,
208 2684 309 2740 „nou
331 2662 371 2728 fit
390 2662 506 2738 nobie.
529 2667 651 2750 inquit,
672 2665 794 2766 religio
811 2668 923 2734 cultus
939 2666 1032 2732 illim
1048 2663 1151 2741 vitae,

136 2744 299 2812 dicuutur
325 2749 458 2812 arborea
485 2745 620 2824 vivere,
648 2771 810 2837 quomam
841 2752 956 2817 nullm
979 2750 1092 2824 sensua
1114 2747 1157 2834 in¹

52 2767 178 2906 isselt
211 2845 249 2896 et
269 2851 311 2895 ex
332 2850 373 2896 eo
395 2851 518 2918 genere
538 2831 583 2896 est
603 2831 678 2911 illa,
710 2832 896 2933 puanollri
916 2833 1069 2922 corporis
1090 2853 1153 2897 nu·

51 2915 208 2983 merofitae
236 2913 366 3002 agitur.
399 2934 466 3000 qua
488 2913 589 2980 etiam
611 2917 725 3004 capilh
738 2927 781 2982 ‘et
802 2917 867 2982 elsa
886 2917 1032 2994 rivum.
1088 2935 1153 2982 uae

51 2995 112 3061 fine
131 2997 229 3064 sensu
250 2995 502 3084 praeciduntur.
554 3001 629 3064 Hae
644 3015 765 3064 autem
785 2999 905 3066 melior
926 3003 971 3066 ell
989 3001 1061 3066 vita
1096 3022 1154 3066 eu·

51 3077 147 3157 tiene.
178 3095 215 3146 et
244 3095 358 3146 tamen
385 3080 493 3148 vitam
519 3081 696 3148 bestiarum
725 3085 835 3148 colere
870 3105 942 3150 nou
980 3087 1151 3152 debemur.

51 3161 119 3227 Non
148 3163 188 3228 srt
214 3163 316 3230 nobit
344 3163 464 3252 religio
478 3167 547 3264 'vel
569 3166 644 3252 ipsd
660 3167 809 3266 perfecta
833 3182 868 3232 et
887 3167 1018 3252 sapient
1040 3168 1153 3234 anima

50 3241 232 3326 rationalia,
254 3244 321 3314 live
342 3246 379 3311 in
402 3247 585 3315 minrllerio
606 3267 754 3336 partium
774 3249 933 3328 stabilita,
955 3253 1022 3318 live
1038 3252 1076 3318 iu
1091 3250 1154 3317 rui·
1273 3279 1278 3292 ·

50 3327 173 3396 nillerio
201 3329 463 3410 universitatia.”
505 3335 551 3396 Et
576 3335 661 3418 haec
689 3332 875 3400 testimonia
901 3336 1158 3434 praedictorum

49 3411 175 3478 Patrum
197 3417 243 3481 ad
263 3437 302 3480 ea
321 3417 510 3480 roboranda
527 3438 620 3502 quae
642 3415 787 3484 diximus
809 3417 997 3495 sufficiunt,
1019 3434 1060 3484 ut
1082 3442 1102 3486 o
1128 3417 1153 3482 i-

49 3517 113 3560 nor.
154 3501 198 3566 D.
221 3497 403 3564 Sufficiunt
424 3497 582 3586 quidem,
606 3504 703 3566 etad
725 3501 788 3566 alia
811 3505 1066 3568 transeundum.
1142 3543 1153 3564 .

49 3579 124 3645 Vide
140 3580 198 3647 'ita
222 3605 267 3647 ue
298 3604 399 3671 quam
426 3583 587 3668 pulchrae
609 3581 798 3669 ingreditur
819 3585 917 3649 seriea
938 3607 1075 3658 rerum,
1106 3581 1155 3648 ‹li-
1238 3647 1241 3668 ¹

49 3661 129 3730 tinia
168 3605 325 3732 or‘dinata
361 3665 516 3754 eloquiia.
584 3666 716 3750 Quinto
750 3665 913 3754 liquidem
951 3666 1006 3746 die
1038 3663 1156 3733 condi·

49 3742 170 3848 tionem
202 3749 401 3820 animalium
432 3749 709 3838 quinquepertito
737 3751 834 3816 seusu
862 3749 1069 3838 pollentium
1097 3753 1153 3820 der

49 3849 175 3912 prount.
645 3843 646 3854 ¹
1082 3888 1084 3897 .
1134 3897 1138 3914 ,

103 3925 153 3996 4ι.
169 3918 237 3982 Sed
247 3919 290 3983 de
298 3915 410 3982 anima
419 3914 573 3984 omnium
582 3913 866 3984 irrationabilium
876 3915 1072 3984 animalium
1081 3933 1154 3983 uon

51 3999 258 4066 mediocriter
274 4022 424 4078 moveor,
441 4022 507 4100 qua
516 3999 648 4068 ratione
656 3997 794 4088 plurimi
803 4001 1004 4066 Sanctorum
1014 4002 1159 4067 Petrum

50 4095 122 4162 eum
140 4083 340 4172 corporibus
363 4107 435 4151 eam
448 4082 608 4163 interire,
628 4105 695 4152 nee
710 4083 839 4150 diutiua
852 4105 1049 4184 pefmanere
1063 4085 1155 4172 posse

52 4159 219 4236 tffimaut.
261 4164 409 4262 Rufillus
427 4165 609 4257 liquidem,
630 4167 669 4236 in
689 4167 931 4249 ratramnum
950 4165 988 4240 iu
1010 4167 1153 4238 eructu
