2856 4978
459 231 571 306 iiie
588 233 755 320 oum.
1026 215 1028 234 ’
1084 234 1175 336 aar!

60 415 1165 601 vmnb“arnotsiiizretiitrtr

62 585 163 652 alitam
175 586 426 662 administraret,
440 605 506 651 nee
515 585 685 673 corporeis
699 585 752 652 bia
770 586 914 650 senlibue
929 588 1078 650 mortalia
1093 607 1165 652 cor·
1271 640 1273 645 .

45 668 149 816 'potia
171 671 213 734 ad
229 668 330 734 illum
349 671 536 756 regendum
556 683 729 743 uteretur,
750 690 867 734 verum
888 669 956 733 fine
978 670 1048 733 ullo
1070 669 1165 735 senfi-

81 751 119 816 ili
146 767 247 818 motu
276 754 333 817 vel
353 751 454 818 locali
473 754 529 817 vel
550 751 745 840 temporali,
778 752 848 817 lolo
870 750 1062 816 rationabili
1085 771 1165 817 coti·

57 832 149 898 tritu
179 835 383 902 naturalium
413 851 448 902 et
474 835 677 909 interiorum
705 839 776 916 ejuo
809 833 980 918 caularum
1000 834 1162 902 facillimo
1222 899 1243 930 ,ι

56 933 167 984 rectae
187 918 372 984 voluntarie
394 919 457 982 usu
476 921 662 984 secundum
681 919 773 1008 leger
794 916 926 982 divinae
952 917 1165 984 aeternaliter

55 1021 93 1066 ac
113 1000 185 1065 line
199 1018 310 1068 errore
349 1005 546 1086 uberoaret3
568 1003 684 1066 sivein
704 999 989 1068 administratione
1004 999 1163 1086 partium,

53 1083 121 1151 five
141 1083 179 1148 in
191 1085 329 1150 admini
372 1085 486 1153 atione
505 1084 746 1160 univerfitatia;
768 1085 893 1150 sivero
911 1099 1095 1152 creatorem
1111 1088 1166 1151 de·

54 1166 196 1232 serendo
223 1191 263 1232 ex
284 1167 450 1256 dignitate
470 1170 547 1234 [uae
567 1186 706 1234 naturae
730 1169 768 1233 in
792 1171 1042 1244 eurumdem,
1075 1166 1167 1234 inter

53 1265 166 1336 parter
196 1255 266 1331 ejur
293 1251 491 1339 ignobiliter
525 1255 704 1339 deputatur
711 1297 722 1328 .
756 1249 872 1316 divina
892 1251 1015 1332 justitia
1036 1271 1166 1318 eorrec-

55 1349 131 1406 tua‚
165 1332 241 1399 suae
292 1334 564 1401 raevaricationia
591 1355 719 1422 poenae
748 1336 868 1400 lucreti
915 1333 1064 1400 Proinde
1092 1335 1166 1422 poll

53 1415 178 1481 mundi
208 1359 346 1484 vifiiiiii
383 1433 521 1488 ornatur
550 1417 777 1485 narrationem
805 1416 1034 1484 introducitur
1060 1420 1165 1484 bomo

52 1498 164 1564 veluti
192 1500 346 1566 omnium
375 1503 561 1578 conclufio,
594 1517 635 1566 ut
663 1500 909 1599 intelligeretur
935 1503 1028 1588 quod
1050 1500 1165 1568 omnia

53 1603 141 1668 quae
170 1598 250 1648 ante
277 1584 388 1672 ipsum
409 1584 547 1652 condita
567 1599 745 1650 narrantur
769 1607 807 1652 in
833 1583 907 1671 ipso
932 1583 1185 1650 universaliter*
1252 1646 1254 1656 ‚

53 1670 410 1751 comprehenduntur*
436 1667 558 1740 Omnia
577 1669 670 1734 enim
689 1691 850 1734 numerue
872 1671 978 1749 major
997 1666 1178 1748 minoremx

52 1747 87 1812 in
112 1749 150 1812 se'
166 1773 347 1818 numerum
368 1750 553 1817 concludit.
595 1753 683 1820 Nam
708 1753 732 1817 fi
753 1750 902 1818 hominia
923 1749 1077 1817 conditio
1122 1751 1185 1817 ri*

51 1832 158 1898 mitur
179 1834 217 1898 in
237 1834 430 1900 narratione
451 1833 664 1900 conditarum
684 1857 797 1901 rerum
817 1835 885 1900 live
901 1831 1086 1901 visibilium
1096 1775 1164 1903 ive
1220 1847 1225 1858 “

51 1913 272 1984 invisibilium
295 1933 372 2017 apte
391 1916 614 1984 indicaretur:
635 1935 766 1984 caetera
789 1917 904 1984 omnia
923 1937 1068 2004 quorum
1085 1939 1165 1984 con·
1219 1983 1247 2002 x,
1266 1973 1282 1997 ,

52 1996 141 2066 ditio
163 2001 371 2068 narrationro
385 2001 505 2068 ordine
524 2001 729 2067 creationem
743 2003 844 2090 ipliua
860 2001 1087 2150 separarentur,
1111 2025 1166 2068 ex·

51 2097 102 2146 tra
125 2084 285 2150 notitiam
305 2091 376 2166 cjue
397 2085 563 2150 subsistere
578 2106 650 2153 non
667 2085 837 2152 immerito
854 2084 891 2149 vi
916 2101 1061 2149 crentur.
1092 2089 1165 2173 Jam

51 2186 136 2230 vero
171 2168 332 2254 quoniam
352 2170 390 2234 in
411 2169 481 2234 fine
504 2167 699 2234 divinorlim
720 2168 876 2234 omnium
896 2189 1038 2254 operum
1057 2167 1163 2253 intro·

51 2249 209 2325 ducitur,
240 2253 354 2318 omnia
383 2251 499 2318 divina
531 2273 632 2340 opera
651 2253 689 2318 in
710 2250 783 2339 ipso
804 2251 985 2329 subsistere,
1019 2267 1054 2316 er
1075 2273 1165 2320 com·

75 2333 220 2400 rehendi
252 2335 514 2400 manifestantur.
553 2337 610 2400 ,Et
645 2335 782 2422 quidem
813 2335 967 2400 coelestes
997 2335 1164 2414 effendas,

50 2356 121 2482 inc
149 2417 213 2494 est,
244 2418 411 2507 angelicae
438 2423 570 2484 duobus
596 2419 706 2484 modia
738 2418 776 2484 iri
804 2417 876 2503 ipso
909 2419 972 2482 effe
994 2417 1160 2497 diximum
1243 2425 1246 2437 ’

53 2521 126 2564 uno
160 2501 318 2599 quidem,
355 2523 422 2589 quo
450 2501 687 2578 credentialis,
718 2505 785 2566 hoc
805 2503 850 2566 est
869 2500 1108 2569 intellectualia
1129 2519 1165 2568 et

54 2585 286 2650 corrationalis
309 2584 356 2652 cia
381 2585 445 2662 ello
470 2588 722 2672 praeterquod
745 2601 876 2650 terrena
896 2588 980 2649 baec
998 2585 1164 2654 habitatio

51 2668 204 2740 mortalia
227 2667 376 2755 corporis
397 2669 469 2767 post
484 2683 659 2756 peccatum
671 2668 837 2756 impedit:
852 2668 964 2738 „altero
978 2689 1072 2742 vcro,
1095 2691 1168 2757 quo

52 2772 114 2836 per
133 2768 287 2817 mutuam
310 2753 543 2839 cognationem
562 2749 623 2817 fibi
642 2752 793 2826 invicem
813 2751 1027 2816 inferunturt
1056 2751 1104 2816 ita
1125 2767 1165 2817 ut

51 2849 90 2900 et,
116 2836 255 2922 angelus
280 2835 320 2906 in
342 2835 482 2900 homine
508 2835 616 2901 veluti
645 2839 768 2912 homo,
805 2851 839 2898 et
858 2838 961 2898 homo
983 2833 1020 2898 in
1043 2837 1171 2934 angelo

50 2917 161 2994 veluti
183 2920 339 3006 angelus,
371 2917 545 3018 reciproco
568 2918 746 2985 intellectu
762 2916 927 2992 adunati,
956 2916 1013 2984 lim
1038 2917 1165 3007 licique

48 3000 205 3066 veritatis
237 3003 526 3088 contemplatione
554 3002 689 3068 formati
716 3015 945 3090 procreantur.
981 2941 1094 3086 ¹<inid
1121 3005 1164 3068 de

51 3103 74 3148 o
103 3084 215 3148 eribua
248 3085 414 3150 secundae
446 3085 665 3172 propheticae
694 3083 992 3172 contemplationie
1022 3085 1162 3151 dicam?

87 3187 179 3232 onne
191 3169 453 3258 firmamentum,
482 3171 549 3234 hoc
570 3161 614 3234 eil
633 3167 1099 3268 fimpliciumaelementorum
1114 3170 1164 3234 so·

49 3249 184 3324 liditaa'‚
208 3268 275 3318 tam
297 3274 384 3340 quae
406 3253 495 3316 inter
516 3275 616 3339 aquai
636 3249 905 3340 primordialium
925 3252 1098 3320 causarum
1113 3255 1165 3320 lu·
1206 3273 1212 3288 ’
1300 3269 1302 3281 ’

49 3332 222 3434 periotes,
251 3351 290 3400 et.
304 3334 543 3401 mutabilee'co
587 3357 683 3410 oreae
707 3335 1003 3423 corruptibiliaque
1024 3354 1165 3403 naturae

48 3416 250 3490 inferiorea,
277 3419 484 3504 temporibus
506 3433 541 3482 et
575 3419 645 3484 ocia
667 3441 728 3507 per
747 3418 1001 3506 generationem
1020 3438 1057 3502 ¹et
1079 3423 1165 3485 solii·

49 3500 185 3566 tionem
204 3503 413 3566 fluctuantes·
427 3502 516 3566 facta
538 3501 596 3576 est,
628 3501 666 3567 in
688 3506 836 3567 humana
857 3503 992 3568 ellcntia
1014 3503 1165 3568 substitu-
1217 3505 1221 3523 ²

50 3599 123 3650 tam
144 3583 405 3672 cognoscimur?
442 3583 528 3669 Quia
551 3584 643 3648 enim
663 3589 844 3677 hupianaim
865 3601 1021 3650 naturam
1040 3586 1165 3673 perspi·

49 3688 120 3732 cue
138 3668 367 3745 considerans,
389 3687 460 3740 non
482 3665 647 3732 catholica
667 3668 788 3732 mundi
810 3669 975 3732 elementa
995 3665 1032 3732 in
1054 3691 1093 3733 ea
1115 3689 1165 3733 re·

49 3749 186 3836 periatl
210 3751 304 3835 Quid
325 3748 537 3839 deoperibue
554 3750 1047 3816 tertiaelucicaellimandumi
1071 3753 1165 3818 Nun·

50 3833 137 3920 quid
168 3832 325 3900 stabilitae
355 3834 553 3900 substantiae
574 3837 691 3898 aridae
711 3835 877 3900 vocabulo
899 3834 1099 3932 significata.
1129 3851 1165 3900 et
1247 3847 1270 3866 ·’

49 3909 270 3985 mutabilium
291 3917 520 3986 accidentium
540 3917 735 3984 instabilitas
756 3939 912 3999 aquarum
932 3919 1165 3985 inundationi·

49 4001 114 4066 bur
145 4001 339 4078 intellecta,
376 4017 411 4066 et
435 4003 520 4066 haec
550 4001 624 4066 ase
639 4001 789 4072 invicem
808 4001 953 4074 naturali
975 4002 1163 4068 differentia
1268 3997 1277 4010 ¹

58 4083 220 4192 ducretag
242 4083 280 4154 iu
301 4083 442 4170 bomine
457 4083 714 4188 intelligentam
734 4084 872 4173 insuper
886 4085 1005 4170 etiam,
1025 4085 1164 4154 vircilla

549 4317 556 4346 Ι
