2912 4978
275 270 330 349 ta
608 266 1062 378 camedonensem.
1101 265 1104 272 ’

276 458 376 526 tium.
402 457 486 526 'Sed
499 455 636 542 ‚rirtnte
662 453 826 528 bonitatis
847 454 957 532 omnis
981 467 1100 520 natura
1121 449 1319 520 continetur
1339 472 1386 516 ne

276 555 411 634 pereat·
444 543 565 608 Adhuc
584 557 697 606 tamen
717 538 846 606 malitia
866 537 1090 628 permittitur,
1113 535 1151 600 in
1169 557 1208 600 ea
1223 535 1388 602 videlicet

277 637 399 692 natum
424 627 467 691 ad
494 625 629 692 laudem
659 623 841 700 bonitatis,
873 644 913 687 ex
933 621 1100 688 contraria
1120 619 1387 708 comparatione,

278 725 314 775 et
341 707 579 775 exercitatione
597 707 774 776 'virtutum
793 703 986 772 rationabili
1002 717 1027 769 ‘o
1054 703 1220 780 eratione,
1253 718 1288 766 et
1306 725 1389 790 pur·

277 793 450 881 gationem
478 791 578 878 ipfius
606 807 764 858 naturaer
800 792 936 878 quando
975 791 1013 854 ab
1032 786 1205 852 orbebitur
1230 806 1320 852 mors
1349 784 1388 850 in

275 875 443 952 victoria,
463 893 500 962 et
519 876 588 944 sola
606 876 739 942 bonitas
761 874 798 938 in
821 873 978 937 omnibus
999 869 1192 970 apparebit,
1215 883 1250 933 et
1269 889 1390 956 regna·

275 957 347 1034 bit,
378 974 412 1022 et
441 957 674 1024 universaliter
706 959 750 1022 est
769 956 918 1044 peritura
938 955 1076 1020 malitia.
1120 953 1186 1018 Sed
1209 955 1252 1016 de
1272 952 1325 1016 his
1349 951 1388 1015 in

276 1042 398 1132 quinto
425 1040 526 1118 latius
558 1040 784 1144 disputabitur
808 1039 906 1105 libro.
949 1039 1049 1103 Nulla
1069 1036 1184 1124 itaque
1205 1033 1389 1099 auctoritas

276 1141 312 1188 te
340 1140 483 1200 terreat,
515 1125 554 1188 ab
576 1126 630 1189 hra
652 1145 736 1212 quae
756 1137 867 1188 rectae
889 1119 1184 1208 contemplationis
1204 1117 1390 1182 rationabi-

276 1207 319 1272 lis
336 1209 443 1276 suado
466 1207 594 1274 edocet.
635 1209 718 1272 Vera
740 1206 831 1272 enim
853 1227 870 1270 a
898 1205 1033 1270 ctoritas
1048 1218 1159 1268 rectae
1174 1200 1298 1266 rationi
1313 1211 1389 1265 non

275 1291 408 1365 obsistit,
425 1311 537 1378 neque
550 1305 642 1354 recta
658 1289 744 1355 ratio
765 1309 863 1354 verae
870 1228 1075 1355 suctoritati.
1104 1288 1212 1351 Ambo
1224 1283 1390 1371 liquidem

276 1395 318 1438 ex
329 1393 400 1446 uno
413 1374 518 1449 sonte,
535 1373 651 1438 divina
665 1373 732 1438 via.
746 1371 919 1460 sapientia,
935 1391 1071 1436 manare
1086 1369 1226 1434 dubium
1241 1388 1311 1431 non
1330 1367 1388 1433 est.

338 1459 391 1543 69.
413 1455 488 1522 Uni
511 1455 648 1557 quidem
670 1460 712 1522 de
733 1473 853 1521 natura
873 1457 990 1519 incom
1013 1451 1202 1518 rehensrbili
1231 1448 1389 1515 ineffabi-

274 1537 369 1628 lique
392 1538 450 1626 pie
472 1539 712 1638 quaerentibus,
729 1541 837 1604 multa
859 1559 964 1603 conce
1005 1553 1033 1614 t,
1057 1557 1095 1601 ac
1117 1534 1256 1600 tradidit
1277 1548 1311 1598 et
1332 1553 1390 1598 co·

275 1622 385 1770 pltare
405 1637 440 1686 et
461 1625 589 1698 drcere3
623 1645 668 1688 ue
689 1645 788 1687 verae
807 1621 980 1710 religionis
1002 1620 1146 1684 studium
1168 1615 1389 1694 inomnibus

301 1707 388 1780 leat,«
417 1719 457 1770 ut
486 1719 520 1770 et
547 1707 648 1771 rudes
680 1709 790 1772 adhuc
816 1706 853 1769 in
878 1704 959 1770 fidei
980 1702 1189 1790 simplicitate
1213 1700 1391 1765 doctrinae

275 1788 424 1866 nutriat,
456 1803 491 1854 et
512 1789 696 1856 catholicae
718 1787 798 1854 fidei
823 1788 982 1864 aemulis,
1017 1787 1173 1851 instructa
1196 1799 1390 1870 annataque

277 1869 404 1935 divinis
431 1891 543 1970 propa
592 1872 696 1938 aculis
728 1867 861 1938 munita
890 1871 1101 1958 respondeat.
1151 1871 1262 1944 Altera
1290 1877 1387 1941 vero,

275 1968 317 2017 ut
335 1955 499 2040 srmplscea
519 1977 537 2019 a
586 1977 629 2021 uc
649 1956 685 2020 in
709 1955 885 2034 cunabulis
908 1955 1063 2022 ecelesiae
1081 1951 1203 2017 nuniti
1241 1949 1275 2014 ie
1291 1949 1391 2014 caste-

276 2059 344 2124 que
366 2038 530 2126 corrigat,'
550 2061 595 2104 ne
616 2039 700 2124 quid
719 2039 901 2126 indignum
923 2040 964 2101 de
985 2041 1059 2102 Deo
1079 2039 1134 2100 vel
1155 2057 1191 2100 cr
1236 2047 1309 2107 ant,
1332 2033 1392 2096 vel

276 2120 469 2205 aestiment3
504 2142 551 2186 ne
577 2121 690 2186 omnia
726 2143 811 2209 quae
841 2124 888 2186 S.'
909 2120 1099 2208 scripturae
1119 2117 1310 2183 'auctoritas
1346 2118 1393 2180 de

276 2205 375 2268 causa
410 2203 781 2294 omniumpraedicat,
819 2203 956 2292 proprie
982 2203 1166 2292 praedicari
1197 2199 1388 2274 aestiment3

276 2287 343 2352 save
365 2283 587 2374 gloriofiliima
609 2294 644 2352 et
664 2290 792 2352 summa
814 2287 967 2353 omnium
988 2288 1072 2362 lint,
1096 2301 1135 2350 ut
1154 2285 1244 2358 vita,
1266 2281 1387 2358 virtus,

277 2385 549 2458 caeterarumque
569 2370 735 2436 virtutum
755 2369 914 2454 nomina3
937 2369 1003 2434 five
1026 2369 1154 2444 media,
1177 2379 1217 2432 ut
1231 2369 1295 2441 sol,
1317 2368 1388 2442 lux,

276 2452 383 2528 stella,
407 2468 441 2517 et
461 2469 584 2519 cuncta
606 2477 692 2542 quae
714 2475 754 2520 ex
795 2453 921 2519 artibus
937 2451 1162 2538 superioribus
1176 2455 1277 2530 hujus
1290 2471 1390 2512 mun·
1439 2469 1443 2480 ·

248 2571 253 2580 ·
277 2533 315 2599 di
336 2537 380 2600 de*
398 2538 473 2602 Deo
494 2536 748 2624 praedicantur,
769 2477 830 2608 len
850 2559 890 2602 ex
912 2535 1129 2600 inferioribus
1147 2533 1286 2598 risibilis
1300 2553 1390 2597 erea-

275 2633 372 2682 turae
393 2619 561 2696 motibus3
593 2637 634 2684 nt
654 2619 799 2718 species,
831 2620 932 2685 nubis
955 2621 1128 2706 splendor,
1167 2627 1275 2691 ortus,
1299 2614 1389 2681 toni·

276 2717 366 2782 trus,
388 2724 463 2780 ros,
484 2701 611 2780 imber,
634 2703 770 2790 pluviat
794 2708 896 2780 Item,
920 2704 1190 2790 aqua,‘ilumen,
1212 2714 1308 2776 terra,
1328 2720 1391 2844 pe·

276 2797 345 2860 tra,
377 2785 527 2874 lignum,
548 2786 668 2863 vinea,
692 2785 798 2863 oliva,
822 2790 957 2860 cedrus,
980 2787 1155 2872 hyssopus,
1177 2783 1306 2856 lilium,
1378 2819 1390 2832 ·

274 2889 353 2945 mo,
376 2870 450 2944 leo,
473 2873 554 2945 bos,
578 2889 704 2967 equus,
726 2871 840 2945 ursus,
863 2873 997 2956 pardus,
1021 2867 1155 2933 vermis.
1187 2871 1282 2940 Item,
1297 2865 1392 2950 aqui·

275 2951 318 3026 la,
342 2953 508 3027 columba,
530 2950 644 3038 pisers,
667 2967 751 3029 cete,
775 2969 971 3038 caeteraque
1001 2950 1277 3024 innumerabilia3
1302 2969 1390 3034 quae

276 3055 318 3097 ex
337 3049 457 3098 natura
478 3034 616 3099 condita
637 3036 680 3098 ad
700 3051 853 3099 naturam
875 3034 1097 3100 conditricem
1124 3030 1389 3097 transformatio·

273 3134 321 3180 ne
351 3120 493 3203 quadam
523 3117 732 3204 figurataque
759 3117 1003 3204 significatione
1024 3117 1281 3182 transferuntur.
1323 3117 1392 3178 Eo·

275 3219 343 3344 pue
362 3198 570 3274 mirabilius,
592 3221 663 3264 non
686 3200 792 3264 solum
815 3223 854 3265 ex
878 3217 1027 3289 creatura
1049 3204 1092 3266 ad
1107 3217 1291 3265 creatorem
1310 3197 1393 3260 arti-
1454 3203 1455 3214 ¹

302 3280 390 3344 crosa
422 3281 597 3366 Scriptura·
615 3283 850 3348 translationes
873 3285 972 3366 fecit3
1004 3304 1122 3348 verum
1146 3283 1245 3347 etiam
1268 3301 1309 3345 ex
1329 3301 1390 3344 na·

231 3419 235 3430 .
275 3379 372 3426 turae
393 3363 587 3442 contrariist
620 3387 660 3428 ex
681 3365 809 3430 insania
830 3365 897 3430 viz.
923 3365 1103 3443 ebrietate,
1125 3368 1279 3452 crapula,
1303 3363 1390 3427 obli·

272 3443 395 3524 vione,
417 3445 486 3522 ira,
510 3447 634 3522 furore,
658 3449 748 3524 odio,
773 3449 1060 3536 concupiscentia,
1083 3452 1289 3536 caeterisque
1304 3445 1394 3511 limi·

274 3527 382 3604 libus;
414 3528 536 3628 quibus
563 3531 677 3596 minus
705 3533 907 3620 simplicium
936 3533 1039 3596 animi
1073 3533 1257 3605 falluntur,
1288 3551 1393 3616 quam

274 3611 502 3702 superioribus
524 3615 875 3702 transfigurationibus
898 3637 984 3702 quae
1006 3632 1045 3679 er
1062 3613 1293 3680 naturafiunt.
1325 3617 1392 3678 Ra-

274 3693 448 3761 tionabilis
480 3696 642 3784 liquidem
658 3719 661 3724 ·
676 3699 803 3778 anima,
840 3697 992 3788 quamvis
1022 3702 1204 3763 admodum
1232 3697 1390 3783 'simplem

272 3777 480 3842 naturalium
500 3801 611 3846 rerum
632 3781 772 3848 nomina
795 3777 836 3846 de
857 3787 936 3847 Deo
974 3781 1135 3847 raedicari
1153 3779 1293 3846 audiens
1312 3801 1393 3868 pro·

271 3860 415 3957 ptieque
446 3864 488 3959 de
515 3862 588 3950 ipso
620 3865 687 3930 dici
709 3865 882 3931 aestimans
903 3805 1056 3942 falsaatur‘,
1088 3879 1296 3930 nontamen
1318 3885 1393 3929 om·

273 3961 360 4043 nmo
384 3945 569 4033 demptam
602 3963 646 4010 nt
668 3969 785 4013 eorum
806 3969 894 4034 quae
913 3966 1030 4013 contra
1050 3954 1206 4029 naturam
1229 3949 1309 4011 sunt
1328 3967 1392 4012 no·

273 4049 369 4093 mana
391 4030 435 4094 de
455 4029 632 4095 conditore
652 4043 765 4098 rerum
786 4030 971 4118 praedicari
992 4035 1205 4112 auscultans,
1235 4045 1295 4094 aut
1317 4051 1391 4096 orn·

273 4109 360 4178 nino
387 4111 468 4179 salsa
496 4114 558 4178 effe
577 4112 721 4192 judicet,
757 4128 792 4179 et
811 4115 966 4203 respuat,
999 4120 1058 4180 aut
1077 4116 1219 4203 figurate
1241 4115 1333 4178 dicta
1357 4129 1392 4178 et

273 4198 456 4276 concedat,
492 4209 527 4262 et
555 4199 703 4266 credat.-·
720 4201 763 4264 D.
784 4197 864 4268 lion
885 4199 1028 4268 italum
1049 4200 1187 4267 territus
1209 4197 1392 4270 auctorita·
