2912 4978
339 13 353 42 ἱ

352 267 360 278 =
431 221 541 294 orto
560 217 757 296 mommo.
813 257 815 266 ¹
1074 221 1143 294 sos

87 411 159 476 nitun
174 407 319 476 redeunt.
360 409 530 498 Tempore
549 420 641 474 caret
652 393 701 474 'ea
718 417 855 483 notura,
885 425 971 494 quae
990 403 1025 470 so
1044 401 1141 492 igno·

74 509 117 558 nt
128 489 308 580 principium
328 491 452 558 hebere
472 489 527 559 vel
547 489 670 567 finem,
690 504 729 569 nt
746 509 881 556 omnem
897 504 1059 563 motum,
1072 509 1141 576 quo

85 592 193 640 novetur
222 595 322 641 omne
350 577 488 662 quoda
513 571 686 674 principio
716 575 759 642 ad
785 571 889 640 finem
923 571 1015 640 etin
1036 570 1141 658 finem

79 675 200 725 notetur.
238 657 351 726 Nescit
382 659 419 725 in
449 659 482 724 se
511 671 737 733 incrementa,
772 677 858 743 quae
888 654 978 728 fiunt
997 675 1059 742 per
1078 677 1140 720 nu·

76 764 151 808 ueros
172 745 316 808 locomm
349 758 383 806 et
404 758 612 830 temporumr
644 743 701 806 vel
723 738 942 816 detrimenta,
976 761 1082 827 quum
1102 738 1140 802 in

74 825 146 910 seipsa
161 828 253 911 plena
275 842 376 913 atque
396 827 545 913 perfecta
565 825 619 890 ert
650 823 743 911 Quid
765 826 806 888 de
828 845 845 888 a
871 845 925 891 ere
946 837 981 887 et
997 822 1073 920 pati
1092 819 1141 886 di·

72 909 202 973 cendum?
228 933 313 974 num
340 908 496 998 ineptum
517 908 812 994 incongruumque
833 846 891 983 el,
922 906 1024 992 fiqutc
1044 921 1143 991 puta·

71 989 131 1056 verit
146 1013 230 1078 agere
249 995 307 1058 vel
329 991 419 1079 pati,
442 993 504 1080 ipsi
523 1009 662 1058 natutae
684 989 854 1068 accidere,
883 1011 977 1138 lguae
999 987 1037 1052 in
1059 986 1142 1080 seip-

69 1075 90 1136 sa
104 1077 214 1140 nullum
235 1092 367 1141 motum
389 1079 431 1141 ad
453 1079 640 1163 agendum,
662 1075 796 1140 nulluni
817 1070 895 1140 hab·
912 1095 931 1138 e
951 1074 995 1138 ad
1010 1069 1142 1158 patien-

69 1159 125 1222 lm
146 1159 306 1258 percipit?
335 1161 415 1226 Non
445 1159 538 1230 enim
567 1161 651 1228 sicut
677 1158 716 1226 in
736 1157 854 1233 nobie,
888 1156 981 1222 aliud
1003 1153 1142 1252 estosub·

65 1240 165 1318 untia,
180 1245 300 1308 'alini
316 1243 360 1308 esl
381 1243 537 1310 accidens
561 1241 779 1318 substantiae3
812 1243 880 1305 hoc
901 1240 962 1312 est.
993 1254 1083 1304 actio
1108 1253 1143 1302 et

65 1322 152 1407 ptffiot
179 1325 223 1390 ita
243 1325 373 1412 ipsein
395 1328 428 1392 se
448 1325 518 1413 ipsa
541 1325 717 1426 cognoscit
737 1322 1017 1411 compositionem
1061 1341 1143 1385 uan-

67 1409 119 1472 dtm
140 1409 330 1474 substantiae
364 1427 398 1475 et
421 1409 660 1475 accidentium.
703 1407 765 1472 Hic
786 1406 938 1472 enimin
961 1344 1067 1493 seipsi
1089 1423 1146 1484 ca·¹

63 1506 111 1568 ret,
128 1514 183 1560 nec
200 1492 304 1558 inesse
324 1493 385 1558 sibi
405 1492 600 1590 cognoscit,
634 1492 679 1557 est
701 1492 793 1557 enim
812 1487 1049 1577 simplicissima
1070 1509 1142 1565 (ortt-¹

64 1573 139 1660 nique
156 1575 395 1662 compositione
415 1578 535 1641 ahena.
578 1577 740 1640 Voluntas
760 1576 786 1640 fi
808 1574 924 1639 uidem
948 1574 1026 1648 sua,
1057 1591 1143 1659 quae

27 1731 28 1735 Ἰ
63 1657 93 1718 ell
118 1658 177 1746 ipsa
203 1659 479 1734 substantialiter,
521 1675 556 1723 et
585 1661 662 1746 plue
687 1681 764 1722 uam
787 1598 1069 1732 lubstantialiter,
1110 1668 1145 1718 et

26 1825 27 1829 Ἰ
62 1741 203 1835 plusquam
230 1744 410 1818 voluntat,
447 1741 536 1807 actio
565 1759 661 1840 erpa
702 1746 815 1823 oejuo
836 1739 898 1818 est;
932 1761 1029 1828 agere
1051 1735 1145 1804 enim

62 1823 171 1901 dicitur,
201 1822 282 1913 quia
311 1828 386 1889 vult
421 1825 536 1890 omnia
565 1825 639 1890 sien
669 1847 755 1912 quae
783 1825 882 1891 sunt:
919 1821 991 1912 pati
1016 1837 1143 1896 entem,

63 1906 117 1988 quia
141 1911 209 1973 vult
237 1911 280 1974 ab
310 1908 468 1974 omnibus
491 1907 613 1985 amari,
645 1925 681 1974 et
701 1907 842 1994 seipsam
867 1922 957 1974 amat
975 1905 1014 1971 in
1036 1903 1145 1972 omni·

24 2053 25 2082 ἦ
61 1987 116 2064 lut3
144 1991 154 2055 i
179 1993 209 2056 sa
237 1989 332 2058 enim
369 1991 412 2056 est
433 1991 653 2056 substantialis
675 2008 831 2055 etvetus
853 2012 964 2066 amor,
997 2003 1033 2052 et
1051 1990 1144 2076 plut·

24 2083 28 2157 l
60 2093 134 2155 quam
155 2017 377 2143 llrbslantialic
399 2097 510 2152 amon
548 2092 583 2140 et
604 2089 718 2140 amant
739 2097 811 2139 eam
832 2075 899 2140 five
920 2071 1045 2148 scient,
1077 2070 1145 2134 sive

24 2162 28 2240 ξ
59 2155 193 2236 nesciant3
213 2163 284 2226 hoc
305 2159 365 2232 est,
387 2160 453 2222 five
474 2173 571 2224 motu
584 2155 794 2244 intelligibili
813 2151 1063 2230 rationabilive,
1086 2155 1146 2217 du·

24 2249 26 2303 l
58 2257 131 2306 cente
147 2243 270 2329 gratia,
299 2243 371 2308 live
392 2241 534 2326 simplici
558 2241 714 2329 appetitu
735 2255 885 2305 naturae.
932 2237 1028 2304 Nihil
1051 2233 1146 2301 enim

25 2326 27 2341 '
58 2321 85 2383 ab
103 2347 133 2387 ea
151 2327 194 2389 cll
213 2342 384 2400 creatum,
408 2329 500 2412 quod
521 2347 592 2390 non
616 2329 687 2405 ejus
709 2324 832 2389 habeat
851 2321 1061 2388 desiderium.
1090 2317 1146 2384 Vi·

24 2439 25 2482 3
56 2404 133 2472 deone
160 2408 266 2496 igitur
288 2411 380 2495 quod
402 2407 516 2488 omnia
538 2429 623 2494 quae
644 2407 734 2472 intra
756 2410 874 2472 decem
894 2402 1141 2492 categoriarum

57 2491 185 2556 terminos
208 2515 261 2556 am
288 2494 459 2567 lexantur,
483 2513 553 2558 non
575 2490 746 2557 immerito
768 2493 860 2555 Deua
883 2488 1011 2556 dicitur
1028 2484 1073 2550 in.
1086 2486 1145 2550 sua

24 2624 25 2646 2
56 2587 145 2638 natura
170 2577 251 2640 subs
286 2597 340 2639 ere
368 2573 380 2638 i
406 2596 544 2650 notare,
579 2577 715 2660 quando
738 2573 880 2638 omnino
903 2595 942 2639 ea
961 2567 1144 2635 altitudine

55 2653 159 2748 yirtutis
179 2661 260 2724 suae
285 2674 319 2723 et
338 2597 509 2724 infinitate
530 2661 693 2743 probatur
714 2655 902 2722 excellcre?
938 2655 1032 2740 quod
1053 2649 1146 2715 enim

24 2814 25 2822 ἵ
55 2737 198 2806 tnfinitum
229 2741 277 2806 est
306 2737 409 2806 omni'
433 2740 566 2804 ratione
593 2756 628 2804 et
656 2742 780 2816 modo,
808 2736 986 2803 inlinitum
1015 2733 1059 2798 est
1085 2755 1158 2819 per·

54 2821 213 2900 essentiam,
245 2845 309 2912 per
329 2823 505 2898 virtutem,
538 2843 599 2907 per
623 2820 873 2909 operationem,
901 2841 962 2906 per
981 2832 1146 2913 utrosque

25 2917 37 2980 ’,
54 2899 131 2979 fines,
158 2909 291 2974 sursum
312 2906 389 2972 dico
411 2905 639 2980 erritorium,
669 2906 737 2970 hoc
759 2905 820 2980 est,
847 2903 1034 2985 secundum
1053 2922 1146 2987 prm·

53 2985 155 3072 cipiunt
184 3009 219 3057 et
249 2992 375 3068 finem3
410 2987 600 3074 incapabile
630 2985 722 3052 enim
752 2987 940 3052 secundum
963 2981 1145 3058 essentiam,

54 3085 76 3162 tt
85 3070 333 3172 inintelligibile
354 3073 540 3156 secundum
561 3071 739 3151 virtutem,
767 3087 801 3136 et
822 3071 1007 3135 secundum
1031 3088 1146 3152 opera·

54 3164 154 3222 nonem
174 3157 525 3242 incircumscriptum,
550 3171 584 3218 et
604 3155 673 3219 fine
694 3153 865 3242 principio
888 3155 929 3223 de
951 3153 1090 3226 sursum,
1112 3163 1147 3214 et

51 3233 102 3300 fine
124 3241 188 3306 stne
217 3241 378 3307 deorsum
400 3241 464 3314 est,
493 3237 668 3303 infinitum
691 3255 725 3302 et
745 3235 938 3324 simpliciter
960 3235 1144 3301 dicendum

51 3336 78 3381 lc
98 3323 204 3390 verius
239 3346 306 3411 per
337 3321 452 3388 omnia
472 3320 658 3400 infinitum.
701 3325 743 3386 D.
764 3325 870 3386 Plane
892 3320 1145 3385 videovverum·

51 3423 99 3485 que
122 3409 199 3484 esse,
237 3429 281 3472 ac
308 3429 407 3471 verae
435 3403 706 3471 ratiocinationis
733 3403 1004 3471 conclusionibus
1037 3399 1147 3466 muni·

53 3498 106 3552 tum
130 3489 313 3577 perspicio.
356 3492 424 3556 Sed
449 3490 548 3553 valde
570 3505 779 3567 memoret,
810 3510 877 3574 qua
898 3485 1030 3552 ratione
1049 3484 1146 3580 igno·
1207 3490 1213 3502 “

50 3571 134 3638 tantia
161 3573 201 3639 in
233 3578 350 3638 Deum
377 3575 493 3648 cadat,
527 3593 627 3658 quem
656 3573 743 3637 nihil
772 3575 855 3638 latet
884 3585 943 3634 aut
967 3566 1004 3630 in
1026 3566 1145 3652 seipso,

54 3669 95 3716 rut
118 3655 152 3722 in
182 3656 239 3722 his
264 3679 392 3744 quaen
413 3658 446 3720 se
466 3657 555 3719 sunt.
598 3657 646 3718 Μ.
668 3655 743 3720 Esto
767 3655 884 3740 itaque
903 3653 1074 3724 intentur,
1112 3662 1146 3712 et

54 3751 79 3798 tt
101 3759 180 3825 quae
215 3739 311 3809 dicta
343 3742 438 3816 sunt,
472 3737 653 3824 diligenter
679 3737 818 3826 inspice.
871 3734 907 3799 Si
938 3733 1031 3798 enim
1061 3751 1148 3819 puro

54 3823 152 3890 nentis
173 3825 342 3896 contuitu
362 3823 525 3890 virtutem
545 3845 658 3888 rerum
679 3839 779 3910 atque
800 3821 981 3886 verborum
1001 3815 1149 3882 confide·

55 3907 170 3985 raverit,
193 3907 402 3996 apertissime
421 3905 587 3994 reperiet,
610 3907 703 3971 nulla
724 3905 872 3973 obstante
889 3900 1052 3988 caligine,
1074 3899 1148 3966 nul·
1222 3953 1225 3958 ,
1313 3944 1316 3952 .

52 3981 101 4078 ltu
124 3991 160 4056 in
188 3996 310 4058 Deum
337 3989 565 4080 ignorantiam
586 3993 714 4056 cadere.
756 3989 861 4078 lpfiue
881 3985 973 4051 enim
993 3983 1148 4132 ignoran-

53 4077 89 4130 tta
104 4069 289 4142 ineffabilis
309 4073 611 4162 estintelligentia3
632 4089 667 4172 et
685 4089 727 4139 ut
747 4067 987 4172 expraedictie
1035 4088 1076 4132 oc
1093 4085 1146 4130 co·

52 4171 150 4226 remur
170 4161 385 4250 approbare,
405 4159 586 4237 verborum
601 4172 767 4229 virtutem
789 4171 934 4224 intuere.
976 4151 1068 4220 Num
1084 4145 1146 4213 tibi
1205 4241 1207 4246 Ι

622 4353 634 4386 b
