2948 4978
288 249 344 323 at
622 243 1075 323 nemmem,

224 515 230 522 ,
290 433 390 502 nno
417 430 495 522 qut·
514 429 655 500 aranu
690 433 738 500 tn
757 433 852 500 unu·
869 431 1064 500 nectent·
1132 427 1193 497 tea
1211 431 1332 498 nun
1346 431 1409 534 qut

287 519 483 585 intellectae
504 516 659 584 omnium
680 517 817 595 dicitnr,
838 516 983 606 seipsum
1002 532 1084 605 pote
1130 514 1331 604 intelligere.
1371 517 1408 582 Sa

176 631 182 654 ·
290 616 405 668 autem
433 601 545 668 omnia
574 601 768 667 intellectae
800 617 933 702 praeter
961 605 1096 676 Deum,
1126 621 1199 665 non
1235 621 1254 664 a
1283 598 1406 686 seipso.

289 690 348 753 sed
367 708 387 751 a
400 683 564 773 superiori
578 686 611 750 se
625 684 926 768 mrcumscnbiturt
948 686 1063 750 nullut
1075 682 1270 749 intellectae
1283 681 1409 748 suimet

290 773 387 836 locut
416 769 501 846 erit,
531 769 588 835 sed
608 768 698 834 intra
718 768 922 870 superiorem
944 769 978 834 le
1000 767 1231 835 collocabitur.
1272 767 1319 833 Et
1338 770 1409 834 hoc

293 853 465 1004 iiiii
493 851 730 1001 tinelli
737 865 1289 1002 1ttt'tt⁰u⁰ttlt”m“:{ttss”
1310 851 1411 916 '¹⁵⁸⁸‘

347 1021 403 1089 Ἀθ.
435 1021 540 1086 liunt
569 1034 683 1084 autem
706 1019 811 1086 velim
830 961 939 1096 scire?
965 1035 1081 1084 utrum
1103 1018 1196 1083 aliud
1218 1017 1262 1082 est
1284 1025 1408 1082 natura

287 1103 394 1172 animi
422 1102 639 1180 diffinientit,
668 1103 707 1169 id
727 1103 789 1181 eli.
821 1099 924 1168 omne
952 1103 1045 1191 quod
1066 1103 1106 1168 ab
1132 1122 1173 1167 eo
1195 1097 1403 1200 intelligitur
1431 1129 1442 1150 ·

285 1185 978 1338 fltfflln¹lffilitllt⁸⁶ti
1009 1185 1167 1335 iiiii
1183 1185 1408 1358 iii-‘liiii

286 1355 470 1444 indignum
497 1355 560 1419 else
586 1352 705 1434 video,
736 1354 836 1420 multi
858 1354 951 1420 enim
974 1357 1017 1420 de
1037 1356 1104 1418 hoc
1125 1351 1293 1417 dubitant.
1338 1354 1409 1418 Sed

285 1439 569 1586 qunmdridemup
591 1437 768 1540 aliudesse
789 1437 986 1510 constitutae
1003 1434 1170 1587 itplpnimp
1186 1436 1407 1584 {iheraleaaerfi

287 1537 412 1672 {ihm
421 1523 547 1683 llll
560 1542 1054 1692 'tt'tttttltttlln
1074 1535 1405 1700 iiminiiiissna

284 1711 361 1754 mae
389 1685 578 1753 accidentia
603 1689 764 1755 videatur
793 1691 877 1754 esset
906 1687 990 1778 quid
1004 1708 1077 1754 *noa
1098 1686 1258 1774 prohibet
1280 1683 1406 1751 drffini·

157 1776 158 1785 ’
286 1771 369 1837 endi
390 1770 603 1858 disciplinam
622 1772 713 1838 inter
736 1790 822 1838 artee
844 1793 972 1860 ponere
994 1775 1218 1860 adjungentes
1241 1769 1406 1835 Dialecti-

286 1875 366 1930 cae.
394 1860 491 1935 cujac
520 1852 707 1942 proprietas
738 1858 802 1932 est,
832 1879 946 1921 rerum
968 1855 1123 1921 omnium
1144 1873 1231 1941 quae
1253 1851 1407 1954 intelligi

284 1939 423 2028 possunt
440 1954 578 2002 naturae
604 1939 773 2017 dividere,
797 1945 1021 2029 conjungere,
1045 1939 1250 2014 discernere,
1271 1957 1406 2026 propn-

286 2021 390 2110 osque
416 2023 510 2088 lotoe
531 2020 719 2110 unicuique
740 2023 952 2099 distribuere,
983 2039 1084 2111 atque
1104 2023 1185 2087 ideo
1205 2043 1224 2086 a
1245 2021 1408 2108 sapienti·

285 2107 350 2208 hut
373 2127 453 2204 vera
482 2127 594 2206 rerum
622 2107 865 2207 contemplatio
887 2109 972 2206 solet
993 2104 1179 2195 appellaris
1213 2105 1301 2206 liam
1322 2127 1407 2172 cum

284 2191 1407 2362 las?ttttltl'ltsttltlllttlalteiam

119 2430 123 2444 ,
281 2347 400 2422 οὐσίαν
422 2353 518 2432 dico,
542 2372 577 2423 et
597 2350 753 2450 δύναμιν,
777 2353 1017 2447 ἐνεργειᾶνφιο,
1040 2360 1109 2425 hoc
1130 2356 1192 2434 est,
1216 2355 1404 2434 essentiam,
1469 2415 1472 2432 ,,

169 2445 171 2452 “
202 2487 204 2500 .
284 2439 467 2516 virtutem,
494 2442 727 2529 operationem
753 2445 855 2518 (haec
876 2441 970 2508 enim
989 2441 1068 2508 telle
1089 2443 1214 2507 Sancto
1236 2439 1406 2524 Dionysio

283 2521 549 2611 inseparabiliter
576 2525 708 2591 sibimet
728 2529 925 2604 adhaerent,
959 2545 998 2591 ac
1017 2524 1126 2591 veluti
1147 2524 1245 2608 sunt3
1278 2538 1313 2588 et
1334 2547 1406 2590 nec
1469 2569 1473 2582 -

282 2607 400 2696 augeri
420 2629 486 2673 nec
505 2607 616 2676 minui
663 2610 774 2674 olsunt
794 2628 900 2696 quum
914 2607 1117 2674 immortalia
1132 2609 1212 2673 sunt
1225 2622 1326 2695 atque
1339 2607 1406 2674 im-

282 2689 476 2767 mutabilia)
506 2713 577 2758 non
605 2631 671 2757 aiii
699 2691 878 2758 verisimile
897 2691 1048 2769 videtur,
1075 2695 1253 2779 certaeque
1273 2689 1406 2757 rationi
1468 2741 1473 2780 ἃ

283 2773 494 2841 convenient
521 2796 640 2841 omnet
667 2774 821 2842 liberales
850 2774 1042 2864 disciplinae
1070 2775 1108 2841 in
1136 2797 1174 2840 ea
1195 2791 1291 2864 parte
1312 2797 1405 2863 quae
1466 2819 1469 2853 :

284 2853 450 2959 ivry-faio,
475 2857 512 2924 id
534 2860 636 2936 cll,o
663 2859 769 2925 eratio
791 2857 923 2925 animae
945 2859 1090 2938 dicitur,
1121 2857 1310 2929 aestimarit
1349 2857 1406 2923 Si·
1467 2907 1473 2946 p

281 2945 421 3030 quadem
442 2963 461 3006 e
480 2883 694 3030 Philoropiis
709 2943 876 3010 veraciter
889 2945 1074 3032 quaesitum
1088 2959 1328 3031 repertumque
1342 2943 1403 3019 eli,
1467 2989 1473 3034 p

284 3042 371 3091 artes
401 3026 465 3090 else
492 3041 665 3102 aeternae,
695 3042 730 3091 et
755 3029 883 3115 semper
911 3026 1170 3096 immutabiliter
1191 3027 1322 3090 animae
1344 3029 1405 3090 ad-

283 3111 438 3184 haerere,
473 3107 521 3173 ita
541 3125 673 3174 utnon
727 3112 796 3175 uasa
816 3109 1006 3178 accidentia
1027 3113 1191 3210 quaedam
1210 3109 1313 3198 ipfiue
1334 3112 1405 3176 else
1469 3163 1473 3200 a

279 3191 482 3267 rideantur,
514 3192 570 3256 sed
599 3132 768 3259 naturiiea
796 3193 941 3261 virtutes
972 3194 1188 3282 acttonesqut
1208 3193 1305 3258 nullo
1326 3215 1404 3260 mo-
1466 3227 1472 3284 ᾗ

282 3277 326 3340 do
349 3277 389 3338 ab
414 3293 453 3339 ea
473 3277 687 3350 recedentes,
716 3298 782 3341 nec
800 3281 958 3344 recedere
978 3280 1149 3356 valenter,
1172 3297 1237 3342 nec
1259 3277 1405 3344 aliunde

280 3357 490 3433 venientea‚¹
513 3357 571 3425 sed
601 3359 800 3425 naturaliter
829 3359 862 3425 ei
889 3359 1021 3427 infitaet
1052 3361 1102 3425 ita
1128 3377 1170 3426 ttt
1198 3361 1404 3448 ambiguum

280 3439 338 3518 lit,
368 3457 485 3507 unum
512 3439 604 3529 ipsae
632 3443 865 3510 aeternitatem
893 3443 925 3509 ei
946 3443 1132 3532 praestent,
1186 3465 1271 3508 unm
1292 3459 1404 3510 aeter·

279 3545 345 3592 nae
365 3526 441 3601 fint,
463 3523 564 3626 eique
583 3526 713 3612 semper
733 3530 936 3594 adhaereant
956 3543 997 3591 ut
1016 3544 1152 3592 aeterna
1198 3544 1230 3606 t3
1252 3549 1296 3594 an
1317 3528 1404 3593 rati·

280 3627 347 3674 one
374 3608 534 3690 subjecti,
561 3612 653 3697 quod
675 3610 719 3674 est
740 3611 870 3687 anima,
901 3609 1028 3676 arduus
1050 3609 1230 3676 aeternitas
1251 3610 1404 3676 admini-
1470 3667 1472 3708 A

278 3691 413 3770 stratur,
443 3684 544 3760 odoia
572 3690 666 3757 enim
694 3693 828 3760 animae
855 3710 890 3758 et
917 3691 1027 3759 mnata
1057 3710 1092 3758 et
1121 3694 1210 3760 actio
1238 3710 1403 3762 aeternae
1471 3757 1472 3766 ,

279 3775 378 3840 lhntt
402 3795 446 3841 an
467 3777 516 3842 sta
535 3774 596 3841 libi
614 3773 765 3844 invicem
786 3779 1009 3853 cohaereant,
1047 3779 1128 3843 dnm
1149 3799 1269 3845 omnea
1290 3793 1404 3846 aeter·

277 3875 344 3923 ttae
363 3859 446 3937 tint,
473 3876 514 3925 ut
534 3879 554 3924 a
572 3858 607 3924 se
629 3859 787 3928 invitem.
801 3857 966 3950 segregari
985 3877 1058 3925 non
1079 3859 1215 3949 poffint.

339 3949 394 4023 (ῃ.
421 3947 466 4010 D.
492 3941 588 4010 linio
604 3941 750 4024 rationi,
827 3959 887 4010 mn
907 3963 987 4009 vera
1008 3945 1069 4023 eil,
1101 3945 1216 4012 nalcio
1238 3945 1314 4035 qaia
1336 3967 1403 4012 au·
1469 4011 1471 4028 ,

279 4025 359 4090 dett
380 4025 552 4094 reluctari.
594 4029 682 4094 Nam
727 4047 775 4094 tto
798 4041 938 4116 cunque
955 4029 1078 4094 horum
1099 4029 1176 4179 puio
1196 4029 1397 4112 hrmtvmit

277 4105 403 4176 rationi
429 4131 502 4178 non
527 4107 650 4176 reddit.
737 4110 858 4178 timum
885 4127 998 4180 tamen
1051 4133 1097 4178 no
1150 4129 1225 4178 ate
1244 4113 1398 4202 politum

279 4191 338 4275 ea,
368 4190 581 4266 retidmiliaa
611 4194 840 4264 metaturi·
866 4197 988 4266 elucet.
1077 4199 1100 4264 d
1120 4211 1161 4264 nt
1182 4200 1226 4265 ad
1246 4201 1397 4267 eandem
