2856 4978
249 297 253 307 ,
274 243 354 320 aaa
593 221 650 311 oe
669 173 1043 310 munnae.

273 430 369 494 luteae
390 425 454 502 est,
474 383 621 510 ideoiue
639 437 681 488 ut
701 421 844 490 Sanctae
864 422 1046 510 Dionysum
1065 420 1268 518 Areopagita
1287 421 1329 490 in
1348 424 1389 491 li·

29 599 37 615 ·
130 537 137 549 .
227 553 231 558 .
274 515 340 582 hro
360 512 402 578 de
423 505 760 578 recontinuati
781 505 1207 595 tueffliffimepertnctett
1244 503 1387 596 ΑΜ*

275 593 417 664 ιιίονίὂιιι
442 589 793 695 ονᾶἰπίὖιιοιιᾶοσοιιιν,
824 595 921 695 etin
946 594 1103 691 altiorque
1119 592 1166 686 se
1196 589 1384 694 divium

275 675 1388 858 rumne·

275 843 540 916 etinvifibilem
568 857 753 908 creaturam
783 866 822 907 tn
849 843 919 909 [olo
947 841 1087 924 homine
1117 845 1179 912 ede
1201 843 1387 922 conditam,

276 951 353 999 cum
384 930 478 995 nulla
509 926 686 992 [obstantia
706 927 746 992 fit
766 941 875 994 creata
896 949 981 1013 quae
1004 927 1042 992 iia
1064 948 1104 995 eo
1126 950 1200 995 uon
1220 927 1333 994 intelli
1357 950 1391 994 a·

276 1031 331 1082 tar
354 1014 435 1078 effer
456 1012 550 1077 nulla
571 1008 716 1097 speclea,
740 1010 798 1076 len
815 1009 1023 1089 differentia,
1046 1011 1104 1077 [ιιι
1120 1011 1309 1100 proprium,
1347 1035 1393 1076 eu

275 1097 432 1166 accident
453 1095 604 1162 naturale
625 1091 662 1158 in
682 1109 935 1170 naturarerum
955 1095 1159 1182 reperiatur,
1182 1117 1269 1182 quae
1282 1095 1340 1160 vel
1357 1093 1389 1161 ei

274 1180 473 1248 naturaliter
500 1199 572 1243 uon
600 1176 696 1252 infit,
732 1180 786 1243 vel
815 1181 912 1258 cujua
939 1177 1063 1245 notitia
1096 1179 1133 1244 in
1163 1200 1204 1247 eo
1232 1181 1297 1246 etto
1317 1201 1389 1244 nou

274 1265 392 1366 polilt,
427 1261 563 1350 ipsaque
593 1261 718 1327 notitia
749 1283 967 1348 rerumquae
988 1261 1078 1328 intra
1092 1263 1134 1328 'se
1155 1261 1387 1336 eontinentur,

274 1371 312 1418 an
334 1363 468 1414 tanturn
489 1343 611 1410 melior
631 1345 675 1410 est
694 1342 753 1410 hia·
768 1363 911 1432 quorum
933 1344 1058 1411 notitia
1079 1347 1143 1421 eu.
1167 1347 1205 1412 in
1221 1363 1389 1436 qnantum

274 1432 395 1500 melior
416 1431 460 1496 est
480 1445 600 1495 nature
621 1427 658 1494 in
681 1449 747 1516 que
767 1428 946 1496 constituta
968 1429 1021 1494 est.
1066 1429 1388 1496 Omniaautem'ra·

274 1514 448 1582 tionabilie
477 1530 597 1580 natura
626 1511 722 1580 omni
730 1511 972 1602 irrationabili
1003 1529 1038 1578 et
1071 1513 1215 1581 lenfibili
1248 1531 1389 1580 naturae

274 1616 367 1668 recta
388 1597 520 1664 ratione
540 1595 780 1684 praeponitur,
808 1597 970 1683 quoniam
992 1601 1066 1663 Deo
1087 1597 1315 1686 propinquior
1334 1597 1388 1673 ed,

274 1698 479 1832 puapropter
508 1696 543 1745 et
569 1701 622 1746 ree
655 1701 799 1766 quorum
823 1679 967 1746 notitiae
985 1685 1154 1748 humente
1175 1699 1318 1747 naturae
1337 1681 1388 1745 io·

120 1766 154 1823 '1'
290 1784 371 1842 unt,
402 1788 438 1832 tn
463 1763 530 1833 suia
553 1761 752 1830 notionibua
774 1763 941 1834 subsistere
961 1787 1032 1832 nou
1054 1763 1245 1853 incongrue
1265 1764 1389 1830 intelb'·

322 1867 412 1915 ntur.
455 1847 521 1914 Ubi
552 1845 644 1914 enim
670 1845 791 1912 rueliue
821 1869 861 1914 co
911 1846 1055 1914 itionem
1084 1847 1388 1937 laomedontea,

273 1933 458 2000 riveriue
480 1929 614 1998 existere
634 1929 835 2011 judicandae
871 1946 946 1996 unt.
990 1935 1095 1998 Porro
1116 1933 1142 1997 fi
1161 1954 1216 1998 ree
1237 1932 1331 2020 iplae
1351 1931 1389 1996 in

221 2081 226 2088 ,
273 2014 474 2084 notionibut
501 2013 570 2079 [uie
590 2013 723 2088 venua,
759 2013 918 2114 quentin
941 2013 1051 2104 leipfia
1072 2017 1265 2091 subustum,
1299 2013 1389 2080 uoti·

274 2101 342 2165 tiae
373 2097 497 2164 autem‘
516 2119 630 2162 earum
651 2095 784 2164 henim
805 2098 1002 2164 naturaliter
1016 2097 1157 2176 iniunt,
1186 2098 1225 2164 in
1247 2098 1391 2164 bomine

272 2180 643 2272 igitur'unirerlaliter
669 2197 799 2246 creatae
827 2183 922 2258 lunt,
956 2185 1049 2270 quod
1080 2184 1210 2250 reditur
1234 2181 1392 2249 omnium

272 2267 310 2334 in
341 2265 519 2340 hominem
548 2265 607 2328 luo
640 2281 800 2351 ternpore¹
823 2264 1058 2331 indubitanter
1086 2265 1253 2354 probabit.
1312 2267 1390 2351 Qua

154 2360 157 2379 ¹
186 2379 197 2394 r
273 2351 365 2427 enim
385 2349 519 2415 ratione
540 2347 577 2414 in
599 2369 678 2416 eum
697 2348 868 2414 reversura
888 2349 984 2426 lunt,
1021 2351 1045 2414 fi
1067 2351 1104 2416 in
1124 2373 1165 2416 eo
1187 2365 1389 2416 connatura-

162 2477 165 2485 -
272 2437 340 2502 lem
361 2435 530 2522 quandam
551 2431 785 2520 cognitionem
806 2453 878 2498 non
901 2431 1123 2521 poffiderent,
1147 2449 1181 2498 et
1198 2436 1238 2499 ab
1252 2439 1390 2532 'eoquo-

190 2593 194 2600 .
273 2521 453 2586 dammodo
473 2537 545 2582 non
570 2515 819 2604 procederent?
840 2520 893 2581 De
915 2537 983 2604 quo
1002 2517 1116 2582 reditu
1126 2528 1143 2594 ‚'
1159 2517 1218 2582 luo
1240 2518 1320 2583 loco
1343 2519 1390 2581 dr·

273 2606 420 2669 cendum
439 2599 661 2688 promifimue.
704 2603 747 2686 D.
770 2602 863 2666 llaec
884 2599 1036 2687 quamvis
1056 2602 1155 2666 valde
1172 2599 1324 2668 difficilia
1339 2599 1388 2664 vi·
1426 2617 1427 2678 3

274 2689 433 2760 deantur,
465 2683 627 2771 quoniam
655 2681 811 2770 [implicit
843 2683 1026 2750 doctrinae
1044 2687 1184 2752 modurn
1205 2687 1387 2756 excedunt.
1426 2701 1427 2787 p

273 2767 492 2856 speculatrice
514 2785 634 2833 tamen
666 2767 871 2835 confiderata
898 2767 1050 2844 ratione,
1087 2767 1307 2858 amplitudini
1328 2771 1389 2833 ho·

273 2873 393 2926 manae
417 2851 640 2926 ‚conditionis
674 2849 915 2938 intelligendae
946 2853 1129 2919 admodum
1163 2853 1386 2923 conveniunt.

272 2933 510 3021 otiliffimeque
538 2933 742 3020 proficiunt}
771 2951 907 3000 utnon
935 2935 1106 3002 immerito
1136 2935 1290 3002 dicamne
1314 2957 1384 3000 non

272 3016 449 3085 hominem
477 3015 513 3080 in
545 3039 668 3104 genere
695 3017 910 3110 animalipm2
940 3019 999 3085 led
1027 3017 1133 3107 magio
1155 3041 1258 3084 omne
1279 3039 1385 3107 genua
1425 3079 1426 3105 p

274 3099 477 3168 animalium
506 3096 543 3163 in
564 3101 703 3167 homine
725 3101 768 3166 de
788 3116 892 3176 terra,
922 3103 1071 3178 beced,
1102 3100 1272 3167 soliditate
1293 3119 1384 3168 nato·

269 3207 327 3253 rae
358 3186 581 3272 productum,
615 3199 650 3248 et
676 3197 748 3250 nou
781 3182 889 3248 folum
919 3205 1020 3250 omne
1048 3207 1154 3270 genua
1177 3185 1383 3258 animalium.

270 3279 394 3334 verum
423 3265 524 3331 etiam
555 3267 804 3332 univerfitatem
835 3267 1010 3332 conditam
1031 3267 1068 3332 in
1089 3268 1231 3335 homine
1251 3269 1382 3342 factam,

270 3349 320 3448 ita
351 3367 392 3416 ut
411 3349 574 3414 ueraciter
595 3353 637 3415 de
658 3348 797 3416 homine
817 3347 1026 3438 intelligatur
1040 3355 1133 3438 quod
1146 3351 1271 3416 veritae
1286 3351 1383 3416 diritt
1424 3365 1425 3388 ³

268 3437 470 3501 Prudicote
497 3435 715 3516 Evtingelium
746 3437 832 3499 omm'
861 3449 1051 3501 “autumet
1089 3438 1171 3501 Item
1201 3435 1383 3522 Apostolus,

273 3523 391 3602 Omnis
411 3532 562 3584 creatura
582 3521 796 3600 congemiscit
816 3531 851 3582 et
869 3523 1019 3600 potnerit
1042 3541 1141 3618 usgue
1159 3521 1281 3585 aneae.
1322 3514 1384 3583 Cui

270 3621 386 3671 anteat
410 3607 495 3672 baec
515 3603 570 3665 vel
591 3601 737 3672 nimium
760 3602 917 3680 abstrusa,
940 3605 994 3668 val
1017 3619 1157 3690 penitae
1173 3599 1384 3668 incredibilia
1423 3665 1424 3676 g

269 3687 466 3762 videntur..
488 3685 513 3750 fi
536 3684 689 3752 omnlino
710 3684 914 3751 naturalium
938 3685 1210 3774 disciplinam,
1245 3707 1328 3775 quae
1346 3682 1383 3748 ti·
1423 3685 1424 3745 l

205 3815 208 3825 ·
269 3771 610 3858 beraleeappellant,
633 3768 810 3857 imperitus
832 3769 889 3844 eil,
913 3787 973 3834 aut
992 3771 1084 3836 fileat
1099 3785 1158 3834 aut
1172 3769 1293 3848 ducat,
1315 3783 1381 3836 non

269 3853 429 3922 iocantur
449 3867 618 3940 repugnet
636 3851 689 3919 hie
711 3873 797 3940 quae
818 3850 1008 3942 intelligere
1028 3875 1100 3920 nou
1122 3855 1233 3931 valeta
1262 3853 1382 3919 fidoo

270 3953 343 4014 tue.
373 3940 474 4026 plane
495 3935 644 4011 videbit,
668 3952 717 4022 ¹ut
737 3939 779 4002 de
800 3953 870 4001 ona
892 3958 1007 4003 earum
1029 3937 1219 4026 exemplum
1239 3938 1381 4024 prolen-
1422 3984 1423 4010 r

271 4040 366 4100 mut,
400 4020 425 4088 fi
490 4041 524 4084 aa
546 4018 765 4106 geometricae
785 4021 858 4086 uon
878 4019 917 4086 in
937 4019 1048 4120 leipfie
1069 4018 1267 4088 naturaliter
1288 4019 1379 4086 labb·
1422 4012 1423 4063 l

269 4103 371 4185 ltere,
393 4105 426 4169 le
453 4101 508 4203 ..in
528 4101 717 4206 rationibpe
738 4101 839 4192 ipsane
857 4103 1078 4206 diciplinae,
1101 4125 1244 4206 quarum
1257 4104 1379 4254 datiane

271 4187 359 4256 lunt
413 4189 585 4274 Tngcrtua
615 4187 779 4278 liquidem
806 4207 867 4276 qut
895 4207 1058 4278 corporeo
1088 4187 1186 4256 lenio
1215 4209 1254 4256 ut
1320 4203 1379 4275 qut
