2930 4982
1174 163 1188 198 Ι

496 267 786 366 Μὸενθιιὶηιιῳ.
849 345 852 354 ,
1063 271 1193 348 ,463
1263 327 1265 336 .

85 451 133 514 lix
164 447 432 536 incorporalibus
464 451 557 522 enirn
584 451 922 546 intelligibilibusque
953 435 1138 545 corporalia
1159 471 1194 521 et

84 532 247 601 sensibilia
269 535 435 622 originem
456 539 597 604 ducunt.

145 627 193 695 ιθ
216 619 259 684 D.
287 619 414 686 Restat:
435 643 500 686 nee
521 621 605 686 alius
626 621 734 687 exitus
757 626 798 688 de
819 622 985 710 praesenti
1001 621 1192 709 quaestione

84 699 219 766 videtur
238 701 328 788 posse
348 701 508 792 inveniri.
544 707 664 772 Adhuc
688 722 799 770 tamen
821 705 924 772 velim
945 707 1092 772 breviter
1113 703 1192 768 defi·

83 783 176 849 nias:
200 783 307 874 qualis
324 785 414 850 inter
429 789 589 854 causaest
603 789 1052 871 substantiasdisserentiasit.
1076 791 1191 852 Utrae·

106 889 150 932 ne
171 887 317 953 namque
339 868 565 956 incorporales
587 889 620 936 et
641 871 871 959 intelligibiles
891 873 980 937 sunt.
1024 875 1074 936 M.
1105 873 1191 936 Can·
1225 909 1233 928 ι

83 891 133 1018 sae
164 943 307 1015 dicimus
336 953 590 1050 generalissimas
620 957 774 1022 omnium
795 977 906 1020 rerum
928 955 1022 1020 fimnl
1043 953 1191 1020 rationes

82 1033 120 1097 in
147 1036 253 1098 verbo
275 1038 348 1098 Der
373 1037 577 1105 constitutus.
622 1039 889 1126 Singulas·vero
910 1037 1122 1112 substantias,
1157 1050 1192 1100 et

82 1116 325 1203 specialissimas
357 1119 559 1206 singularum
590 1137 626 1186 et
653 1123 952 1210 specialissimarum
982 1145 1094 1188 rerum
1139 1141 1191 1184 ro-

83 1199 242 1288 prietates
265 1202 467 1270 errationes
489 1204 526 1270 in
547 1205 627 1304 ipsis
647 1209 749 1294 causis
772 1206 958 1272 distributas
980 1223 1014 1270 et
1035 1227 1099 1269 con
1127 1203 1191 1268 itu·

84 1299 144 1347 tas.
186 1287 229 1350 D.
269 1287 392 1370 Aperte
422 1307 461 1350 ac
486 1292 633 1353 breviter
664 1291 707 1374 est
729 1289 920 1356 discretum.
962 1293 1012 1355 Ex
1032 1287 1109 1373 ipsrs
1131 1287 1192 1351 ita·

85 1386 149 1512 que
170 1367 273 1430 causis
295 1384 328 1430 et
350 1369 536 1435 substantiis
558 1377 706 1448 mundus
729 1374 804 1449 isle,
827 1373 1010 1462 coagulatis
1032 1371 1191 1435 videlicet

77 1471 97 1536 ¹r
111 1451 216 1514 larum
238 1450 456 1535 qualitatibus
476 1457 691 1541 processerat,
718 1454 809 1520 etin
831 1459 948 1522 eadem
970 1455 1091 1520 iterum
1115 1456 1191 1516 suae

82 1531 295 1598 resolutionis
324 1549 475 1621 ternpore
509 1539 699 1604 reversurus
730 1556 764 1604 et
794 1539 992 1604 transiturus
1025 1536 1098 1602 erit.
1141 1539 1189 1600 M.

83 1613 139 1680 Nil
168 1616 281 1681 verius
312 1617 514 1706 veritatique
542 1620 769 1709 propinquius
793 1625 998 1688 credendum
1021 1622 1063 1685 esi
1086 1636 1120 1685 et
1140 1620 1191 1684 in·

85 1697 317 1785 telligendum.
360 1705 374 1766 I
402 1704 432 1766 sa
461 1704 623 1790 siquidem
650 1706 771 1771 veritas
794 1707 859 1772 aits
896 1709 1026 1772 Cossum
1048 1719 1082 1788 et
1100 1717 1192 1770 terra

83 1783 286 1850 anathene.-
317 1727 418 1848 oerda
444 1802 554 1853 autem
588 1813 660 1854 meo
682 1813 746 1854 non
767 1791 963 1856 transibunt.
1007 1792 1072 1854 Sed
1094 1808 1193 1875 quor·

84 1867 156 1930 sum
184 1869 317 1938 coelum
343 1885 379 1933 et
407 1885 494 1935 terra
524 1873 741 1938 nansibnnt‘l
773 1873 939 1960 Nunquid
959 1873 995 1936 in
1018 1871 1190 1938 nibilum?

84 1952 125 2012 D.
160 1951 262 2014 Absit.
316 1953 394 2017 Non
426 1952 518 2020 enim
538 1955 624 2021 illud
644 1959 714 2022 ullo
736 1959 839 2024 modo
862 1957 1054 2022 dicendum.
1096 1953 1193 2018 Nihi-

83 2034 154 2098 lnm
175 2051 287 2100 autern
308 2057 402 2101 nunc
427 2037 503 2104 dico
527 2039 709 2105 absentiam
732 2057 765 2104 et
786 2039 1016 2128 privationem
1037 2035 1192 2103 omnium

84 2137 167 2202 quae
199 2118 293 2193 suut,
330 2134 365 2184 et
397 2143 483 2207 quae
502 2143 575 2188 non
596 2123 691 2198 sunt,
723 2123 759 2188 in
781 2125 962 2212 quonnlla
985 2137 1135 2189 creatura
1157 2135 1192 2185 et

82 2198 219 2266 risibilis
242 2218 276 2266 et
296 2201 471 2270 invisibilis
493 2207 647 2274 occasura
669 2209 717 2271 bt.

148 2283 196 2348 16.
225 2287 273 2350 Μ.
315 2288 482 2371 Quorsum
503 2291 608 2377 igitur
630 2294 761 2356 coelum
784 2306 819 2354 et
840 2305 960 2355 terram
982 2311 1058 2354 cnm
1083 2287 1191 2352 omni·

81 2369 143 2432 bus
165 2389 251 2454 qnae
275 2368 311 2436 in
335 2371 382 2436 eis
405 2373 482 2436 sunt
504 2373 710 2440 transitura?
739 2376 843 2458 Quod
864 2373 954 2438 enim
976 2373 1098 2436 veritas
1115 2392 1191 2458 pro·

83 2449 184 2525 misit,
207 2453 449 2522 inevitabiliter
470 2457 543 2521 erit.
587 2461 629 2520 D.
652 2460 731 2522 Non
756 2457 912 2521 aliorsum
934 2471 974 2520 nt
996 2457 1114 2520 censeo
1128 2454 1191 2518 nist

82 2533 119 2596 in
142 2555 180 2598 ea
202 2537 384 2622 exquibus
406 2542 642 2626 processerunt.
676 2541 908 2604 Processernnt
929 2555 1041 2603 autem
1064 2559 1191 2602 excau·

79 2617 119 2680 sis
147 2619 418 2703 generalissimis,
450 2639 484 2687 et
512 2623 748 2710 specialissimis
779 2621 981 2696 substantiis,
1012 2644 1071 2708 per
1101 2641 1191 2684 com·

79 2715 194 2797 pactas
225 2702 261 2766 in
293 2707 466 2770 materiam
498 2707 682 2793 qualitates,
705 2703 818 2770 addita
839 2705 956 2768 forma.
998 2707 1036 2766 ln
1060 2706 1192 2766 easdem

82 2782 188 2868 igitur
208 2784 446 2856 incunctanter
469 2791 669 2856 transibunt.
721 2790 788 2852 Sed
809 2809 893 2874 quae
915 2787 992 2850 sunt
1012 2787 1068 2850 illa
1091 2788 1193 2851 verba

83 2866 256 2939 veritatis.
285 2892 371 2958 quae
392 2896 567 2961 nunqnam
593 2872 804 2950 transibunt,
838 2871 929 2935 nosse
956 2868 1069 2932 velim.
1111 2870 1192 2932 Non

80 2949 172 3016 enim
202 2951 268 3018 illa·
288 2976 374 3041 quae
402 2956 474 3020 ictu
496 2957 579 3022 ae'ris
600 2957 839 3045 proferuntur:
873 2952 996 3052 quibus
1016 2952 1086 3038 ipsa
1107 2951 1193 3016 veri·

80 3047 149 3108 tas,
186 3038 265 3100 dum
296 3038 450 3123 praesens
485 3038 644 3104 incarne
670 3041 777 3102 suerat
797 3035 992 3104 hommibus
1013 3038 1127 3099 locuta
1148 3034 1193 3098 est

79 3116 281 3184 crediderim
310 3122 382 3194 elle.
427 3123 634 3188 Transitorio
661 3133 814 3208 namque
837 3134 950 3185 mant:
981 3120 1064 3184 sicut
1086 3113 1119 3182 el
1141 3139 1193 3182 ce·

82 3217 228 3266 tororum
251 3203 429 3269 hominum
451 3208 563 3270 barba.
606 3209 652 3270 Μ’.
676 3207 754 3271 Non
778 3206 841 3270 alia
864 3201 1003 3271 dixerim
1023 3205 1193 3266 verbane&

77 3284 206 3360 citatis,
240 3287 292 3356 vol
325 3303 364 3350 ut
394 3289 441 3352 ita
478 3289 586 3358 dicam
609 3293 707 3354 verba
730 3291 828 3360 Verbi
860 3285 1092 3375 (quianeritas
1115 3289 1192 3348 Ver·

79 3370 161 3431 burn
184 3368 266 3446 ests)
289 3368 483 3436 nilicausas
505 3375 669 3458 praefatae
693 3389 727 3435 et
748 3359 957 3443 substantias,
991 3373 1058 3434 boc
1079 3369 1122 3433 est
1143 3367 1193 3433 in·

79 3451 337 3519 commutabiles
362 3477 474 3519 rerum
503 3456 652 3520 rationes
681 3455 717 3517 in
750 3453 912 3542 sapientia
937 3451 1009 3538 Dei¹
1025 3453 1128 3518 saetas
1148 3451 1193 3514 se·
1251 3521 1254 3533 y

76 3535 230 3602 cundum
264 3557 346 3622 quas
365 3537 515 3602 visibilia
547 3554 581 3602 et
613 3537 792 3602 invisibilia
813 3535 1068 3607 conditarum,
1090 3549 1134 3596 ‘et
1155 3532 1193 3596 in

74 3641 159 3704 quas
189 3620 321 3684 coelum
357 3638 390 3684 et
413 3639 498 3685 terra
520 3619 722 3686 transibunt.
769 3620 861 3706 Ipsae
883 3633 995 3682 autem
1016 3637 1192 3702 nunquam

74 3721 245 3788 nusquam
278 3705 493 3768 transibunt:
524 3702 684 3802 quoniam
713 3703 749 3767 in
777 3705 884 3789 Verbo
916 3699 983 3764 Dei
1011 3698 1192 3784 unigenito

72 3783 186 3850 veluti
216 3789 379 3870 quaedam
392 3849 394 3854 .
407 3790 509 3854 verba
538 3785 721 3852 meffabilia
753 3801 787 3850 et
806 3782 1099 3879 incommutabilia
1120 3803 1194 3867 per·

102 3865 260 3934 etualiter
280 3887 430 3936 manent.
475 3872 570 3955 Quae
590 3873 720 3944 verba„
734 3883 774 3932 ut
795 3889 815 3933 o
841 3868 935 3942 inor,
959 3865 1090 3930 audivit
1106 3867 1193 3951 Apo·

73 3893 199 4027 stolus,
223 3957 358 4038 quando
380 3953 417 4020 in
439 3955 627 4040 paradisum
650 3969 764 4049 raptus
788 3974 805 4015 e
833 4001 840 4015 .
870 3949 956 4033 Quis
979 3947 1068 4014 enim
1093 3969 1191 4034 ange·
1278 3961 1282 3972 ·

69 4037 189 4100 lorum
220 4039 275 4100 vel
308 4037 488 4103 hominurn
513 4036 577 4102 sari
605 4039 717 4102 verbra
750 4037 807 4099 vel
841 4049 955 4097 mente
989 4051 1194 4117 cognoscere

72 4117 179 4206 possit
199 4139 300 4204 quas,
326 4136 361 4185 et
405 4123 518 4197 ualet,
534 4136 577 4186 ⁴et
597 4134 737 4206 quantas
758 4115 905 4182 rationes
922 4137 1034 4178 rorum
1050 4116 1085 4178 in
1099 4113 1191 4200 prin-

75 4199 196 4288 cipio,
217 4205 326 4270 Verbo
345 4143 509 4270 videlicet
527 4203 608 4281 suo,
622 4205 729 4274 Pater
750 4216 828 4268 ante
849 4199 961 4266 omnia
984 4215 1136 4284 tempora
1158 4210 1193 4262 et
