2930 4982
486 222 780 349 tesaurum}
835 239 862 271 ‘
930 295 973 382 a?
1039 336 1042 341 ,
1109 262 1267 374 mr

76 471 142 538 que
169 450 270 514 docet
298 441 524 513 ntnit'eorum
545 467 631 535 quae
651 447 730 515 tunt
748 447 935 514 seeundum
957 446 1128 512 essentiam
1149 449 1184 509 et
1290 427 1293 442 '

75 549 230 598 usturam
251 530 341 616 polle
362 528 554 630 corrumpi3
576 532 848 616 defeeturuvero
869 529 1032 596 naturalis
1053 527 1182 596 ordinis

79 631 114 681 et
141 613 478 682 commenlnratiunis
499 613 747 692 infirmitatem,
778 614 901 702 quibus
925 616 1186 680 duobusmntn·

76 697 159 764 bilia
180 700 300 763 eodem
320 697 422 762 modo
444 697 573 784 semper
587 720 723 778 munere
738 720 809 763 nou
823 697 977 784 poliunt,
1000 694 1186 781 corruptio-

75 781 130 846 nis
151 781 316 846 vocabulo
338 779 500 860 vocitari3
523 796 557 844 et
600 785 670 848 uod
692 783 763 868 ipla
785 780 957 868 corruptio
974 801 1045 844 non
1057 780 1183 842 malum

76 867 133 941 lit,
155 866 211 930 led
234 861 395 928 deficiens
415 865 554 928 bonum.
578 805 620 929 ii
643 866 735 930 enim
755 864 995 949 malum‘ellet,
1017 863 1053 926 in
1066 877 1185 926 natura

77 971 189 1014 rerum
210 968 280 1012 non
304 946 463 1012 existeret.
513 951 623 1014 Docet
643 948 746 1014 etism
767 954 957 1014 Daemones
978 968 1049 1011 non
1072 947 1189 1010 securr-

76 1035 158 1099 dum
178 1034 270 1117 quod
293 1031 369 1095 lunt
389 1032 494 1096 malos
517 1032 598 1108 elle,
621 1029 675 1105 (ex
696 1031 827 1118 optimo
851 1032 942 1096 euim
963 1030 1061 1103 suut,
1099 1025 1185 1113 opti·
1220 1023 1237 1049 “

75 1133 232 1202 mamque
263 1114 449 1178 sortiuntur
477 1113 661 1196 elleritiarn)
697 1118 754 1181 led
783 1116 968 1180 fecundum
1000 1114 1092 1198 quod
1113 1129 1186 1174 nou

76 1199 172 1272 sunt,
194 1196 274 1260 rusli
297 1196 466 1262 dicuntur.
495 1201 539 1261 Et
560 1198 642 1286 quid
663 1197 700 1263 in
722 1198 769 1264 eis
784 1201 910 1263 mulum
930 1195 1071 1270 dicitur,‘
1094 1195 1186 1280 aper&

75 1298 110 1345 te
138 1281 303 1354 declarat;
337 1278 568 1346 infirmitatem
598 1281 759 1347 videlicet
793 1303 929 1355 eorum,
963 1301 1030 1366 qua
1056 1278 1185 1341 fervere

74 1365 174 1428 suurn
194 1365 320 1428 nolunt
339 1363 564 1450 principium,
587 1367 755 1429 intumum
777 1363 905 1430 scilicet
918 1365 1048 1426 bonnm
1062 1383 1102 1424 ex
1117 1379 1185 1444 quo

76 1449 173 1514 iuntr
206 1445 449 1594 neglipentiam
480 1468 615 1534 quoqne
637 1471 754 1513 eorum
775 1441 840 1535 qui
864 1445 1058 1512 divinorum
1083 1445 1187 1506 bono-

73 1553 151 1596 rum
171 1529 290 1594 habitu
316 1529 373 1593 ine
395 1547 517 1596 vacant
538 1531 745 1607 erectione,
768 1547 945 1617 ceteraque
966 1549 1051 1616 quae
1067 1529 1109 1590 de
1124 1523 1185 1587 mi-

76 1613 161 1678 seria
191 1616 394 1677 daemonum
424 1613 683 1680 luculentiffime
711 1615 901 1701 e'prsefeto
921 1633 976 1676 ms
1001 1611 1075 1674 illro
1097 1608 1187 1674 dieta
1241 1629 1243 1634 ·

71 1698 170 1770 iuntr
204 1699 313 1784 deque
340 1712 482 1762 nuturue
503 1718 618 1764 eorum
641 1697 814 1774 bonitate,
851 1712 885 1761 et
906 1634 1000 1783 quoi
1019 1692 1106 1758 nihil
1130 1693 1189 1756 do·

74 1779 254 1845 nationum
300 1801 358 1843 uss
381 1779 418 1843 in
442 1780 641 1848 conditione
661 1781 712 1846 lui
735 1793 953 1867 acceperunt,
975 1777 1012 1842 in
1031 1775 1078 1840 eis
1094 1795 1186 1840 com·

74 1878 243 1928 mutatum
263 1802 302 1926 lii
324 1877 382 1926 sut
403 1866 443 1944 ab
467 1864 516 1929 eis
539 1867 713 1954 dempturn
725 1914 734 1941 ‚
747 1859 816 1956 sed
830 1865 1059 1947 integritatem
1074 1860 1185 1922 etcla-

76 1951 211 2014 ritatem
221 1945 310 2038 suae
329 1960 468 2012 naturae
479 1943 614 2040 semper
634 1970 784 2026 martere‚·
814 1949 966 2034 quamvis
985 1969 1048 2010 nors
1069 1944 1189 2006 intelli-
1213 1954 1216 1960 ’

73 2045 158 2114 gunt
168 2026 253 2124 Juar
263 2025 496 2122 speculativas
518 2037 676 2108 virtutes,
700 2053 781 2120 quas
807 2035 849 2097 ud
865 2025 1187 2115 contemplationem

75 2111 127 2178 [ui
149 2115 329 2188 creatoris,
351 2115 375 2178 u
396 2119 540 2191 vellent,
563 2117 675 2182 inlitas
697 2118 843 2190 habent,
868 2109 1047 2203 fugientes
1067 2134 1091 2173 a
1108 2131 1187 2174 vero

73 2199 194 2263 lumine
214 2213 248 2262 st
267 2200 425 2264 cadentes
445 2224 488 2265 ex
509 2203 767 2288 connaturalium
780 2197 852 2291 sthi
870 2201 1067 2281 optimorum
1087 2214 1186 2279 ange·

72 2285 185 2350 lorum
208 2283 472 2371 contemplativa
493 2285 639 2356 virtute.
662 2298 858 2370 appetentes
881 2281 1058 2368 quod'non
1076 2277 1129 2351 est,
1153 2279 1188 2338 e't
1217 2295 1223 2306 ·

10 2375 17 2388 '
72 2370 142 2431 hoc
164 2365 339 2430 elisorum
362 2370 453 2453 quod
473 2368 510 2431 in
534 2368 581 2432 eis
602 2370 728 2432 melum
754 2382 787 2430 et
806 2363 935 2430 mulitia
954 2360 1091 2427 dicitnr.
1134 2357 1187 2422 Vi-

73 2448 149 2514 diui
179 2448 383 2536 ergo‘quod
415 2467 535 2514 nature
556 2454 758 2516 daemonnm
784 2463 819 2513 et
838 2449 928 2511 bonu
949 2447 988 2510 fit
1009 2460 1042 2508 et
1064 2465 1081 2506 a
1102 2442 1189 2506 lurn-

73 2541 139 2597 mo‘
156 2534 247 2598 bono
269 2533 375 2609 tacta,
409 2549 444 2597 et
474 2537 565 2623 quod
586 2555 655 2598 non
678 2534 863 2597 secundum
886 2531 977 2615 quod
998 2528 1094 2598 sunt,
1122 2523 1188 2614 „feel

73 2616 262 2680 secundum
293 2620 385 2701 quud
414 2639 485 2682 non
515 2619 611 2692 lunt,
643 2615 723 2680 mali
760 2613 929 2678 dicuntur.
973 2613 1021 2675 Ae
1040 2629 1101 2695 per
1121 2608 1188 2669 hoc
1260 2671 1265 2678 ,

72 2697 221 2763 naturali
251 2699 442 2764 neceffitate
471 2699 640 2774 lenitur,
677 2701 770 2788 quod
792 2697 837 2760 in
872 2694 920 2759 eis
953 2695 997 2761 ett
1017 2715 1035 2756 a
1057 2693 1186 2754 summo

71 2785 151 2847 Deo
173 2783 319 2858 factum,
342 2723 552 2848 solummolo
575 2783 611 2847 in
634 2781 681 2847 eis
702 2778 974 2868 permansurum,
999 2775 1095 2839 nullo
1117 2791 1187 2837 mo·

74 2868 189 2952 doque
209 2865 443 2953 puniendum:
466 2869 558 2954 qnod
579 2882 689 2930 autem
714 2887 753 2928 ex
774 2869 849 2927 Deo
872 2882 942 2925 non
966 2859 1027 2932 est,
1054 2855 1188 2921 hoc'est

69 2950 210 3014 illorum
232 2949 371 3026 mulitia,
394 2951 595 3048 periturum,
615 2971 659 3012 ne
680 2947 717 3012 in
739 2946 781 3011 ali
806 2965 849 3009 ua
870 2957 1021 3010 creatura
1041 2941 1107 3004 five
1128 2939 1189 3000 hu-

72 3054 178 3098 mana
203 3032 270 3096 five
292 3037 462 3120 angelica.
491 3031 619 3097 malitia
641 3029 713 3096 fieri
734 2969 833 3116 poffit
853 3042 1016 3113 perpetua
1037 3039 1072 3087 et
1090 3021 1190 3085 boni·

38 3157 44 3188 -,
73 3116 141 3181 tati
175 3133 363 3180 coaeterna.
417 3117 579 3181 Similiter
601 3119 643 3180 de
664 3129 771 3178 morte
794 3127 828 3176 et
845 3110 977 3176 miseria
996 3105 1187 3191 intelligen-

72 3203 175 3276 dum,
197 3221 242 3264 ne
262 3199 354 3263 vitse
376 3215 410 3263 et
430 3199 636 3264 beatitudini
658 3197 741 3285 quid
756 3193 961 3261 contrarium
979 3207 1079 3276 atque
1094 3208 1189 3252 cose·

69 3305 158 3347 vum
179 3281 398 3370 intelligatur.
440 3287 564 3357 Porre,
599 3271 875 3346 siuniveilsliter
894 3275 1023 3342 malitia
1045 3288 1078 3336 et
1098 3291 1188 3336 mors

73 3368 283 3453 aculeusque
315 3371 405 3446 ejus,
462 3370 531 3430 uod
553 3366 598 3428 est
616 3356 814 3448 peccaturis,
847 3361 1025 3456 omnisque
1044 3354 1189 3428 miseris,

69 3449 214 3536 insuper
236 3449 336 3513 etiarn
358 3389 552 3513 novilllmus
574 3447 752 3520 inimicus,
775 3444 929 3530 nequitia
944 3439 1107 3506 vrdelicet
1122 3437 1188 3502 dia·

68 3533 207 3610 bolics,
243 3531 506 3617 universalisque
527 3531 683 3616 impietae
707 3533 747 3594 de
767 3544 887 3592 natura
907 3547 1020 3590 rerum
1041 3519 1190 3608 abolebi-

70 3635 151 3691 tur,
174 3615 256 3702 quid
279 3616 374 3680 restat
394 3615 456 3679 nist
477 3631 517 3678 ut
539 3615 603 3678 iola
626 3611 823 3677 universalis
845 3625 996 3676 ereatura
1012 3603 1107 3669 omni
1122 3602 1189 3699 iae-

69 3723 115 3766 ce
138 3699 288 3764 malitiae
310 3716 343 3763 et
363 3697 547 3785 impietatis
569 3713 730 3784 purgata,
758 3694 852 3760 omni
872 3708 982 3758 morte
1004 3709 1100 3752 corrn
1128 3701 1190 3749 tro·

70 3783 132 3851 nis
152 3782 258 3848 libert
277 3783 483 3880 penitusque
504 3779 654 3845 absoluta
676 3777 877 3844 remaneat?
899 3779 944 3840 Et
964 3777 1049 3838 haec
1071 3791 1088 3833 e
1135 3789 1190 3853 ge·

69 3865 201 3935 nerelis
232 3867 407 3931 universae
429 3879 618 3936 creaturae,
654 3881 739 3948 quae
760 3884 779 3925 a
801 3860 960 3925 servitute
979 3849 1187 3926 liberabitur,
1293 3877 1309 3884 -

45 3949 295 4025 resurrectio,
330 3949 551 4096 mysticaeppe
574 3963 702 4019 terrae,
733 3960 872 4010 naturae
893 3938 1071 4013 videlicet,
1090 3953 1187 4000 revo·
1285 3991 1289 3998 .

70 4035 179 4102 catio.
222 4037 275 4098 De
303 4055 369 4116 que
401 4037 490 4119 Prop
517 4045 570 4094 ets
590 4027 773 4116 praedixit:
808 4020 946 4118 Auferes
955 4019 1119 4110 spiritum
1141 4045 1188 4083 eo·

72 4141 149 4185 rum
171 4131 205 4181 et
228 4114 402 4207 deficient,
442 4132 476 4182 et
497 4121 532 4181 irs
551 4115 718 4200 pulverem
729 4108 829 4207 jurem
849 4121 1071 4180 revertentur,·
1101 4105 1189 4168 cmit-

76 4219 134 4270 tes
145 4195 310 4298 spiritum
331 4215 442 4276 turtur,¹
464 4213 497 4266 et
518 4199 723 4275 creabuntur,
743 4209 776 4262 st
797 4195 969 4268 renovabis
981 4181 1111 4283 faciem
1126 4201 1189 4250 ter·-
1288 4241 1290 4246 ,
