2854 4978
421 173 743 312 'mareau
1078 231 1158 306 era
1268 233 1278 270 ι

63 415 202 510 quamvit
222 409 315 485 euim
336 412 426 483 iuter
445 417 685 488 obscuritatem
706 416 895 497 caularum,
915 433 951 484 et
970 415 1158 485 claritatem

63 505 231 571 effectuum
254 501 373 567 divisio
394 502 613 590 intelligatur,
636 521 672 569 et
693 503 900 578 differentia3
922 525 1011 567 unua
1029 518 1154 578 tamen,

62 591 205 676 idemque
227 585 298 652 dier
320 587 382 661 est,
413 589 479 652 hoc
500 589 559 662 cst,
592 610 680 652 unua
702 609 818 652 eorum
841 586 1054 661 intellectum
1082 609 1155 652 nou

62 673 142 737 enim
163 670 227 736 alia
249 686 400 734 creatura
421 670 622 758 intelligitur
641 667 679 736 in
701 673 804 743 causra
827 671 931 745 sacta,
965 670 1028 734 alia
1049 669 1086 734 in
1109 671 1157 734 es·

62 757 193 821 lectibus
222 755 394 825 causarum
425 754 584 830 condita,
615 757 672 820 sed
703 778 772 819 una
795 758 978 840 eademque
999 753 1035 817 in
1057 753 1158 818 ratio·

60 841 149 904 nibus
171 837 333 912 aeternis,
356 837 462 901 veluti
482 836 518 902 in
542 837 743 984 quibusdam
767 837 913 904 tenebris
928 835 1157 916 secretissimae

61 923 254 1008 sapientiae,
276 920 438 1008 omnique
457 921 539 985 intel
555 937 633 986 ectu
654 918 803 988 remot'ae
824 923 950 997 sactae,
974 934 1008 985 et
1027 919 1064 983 in
1082 941 1158 1006 pro·

60 1005 247 1072 cessionibus
282 1005 423 1070 rationis
456 1005 492 1072 in
515 1005 656 1071 effectur
675 1001 904 1071 insellectibue
924 1005 1157 1081 succumbens,

58 1089 154 1154 veluti
174 1090 211 1155 in
234 1091 377 1176 quadam
400 1087 454 1153 die
475 1090 643 1188 perfectae
663 1090 808 1156 notitiae
824 1088 1041 1154 manifestata.
1065 1091 1158 1154 llaec

63 1190 165 1238 autem
195 1176 237 1238 de
265 1195 285 1236 o
312 1172 421 1237 eribus
442 1173 542 1259 primi
564 1173 790 1274 intelligibilis
810 1173 889 1238 Diei
911 1193 1082 1272 congrua,
1104 1187 1158 1236 ‘ut

60 1257 190 1344 opinor,
213 1196 515 1345 intelligentiarum
559 1257 851 1344 roportroualitate
871 1257 1005 1322 addidi:
1027 1277 1099 1322 nort
1118 1270 1160 1320 ut

58 1364 163 1405 meum
183 1340 333 1416 sensum,
359 1362 399 1404 ex
420 1362 475 1404 me
495 1281 567 1428 ipso
580 1339 627 1411 ,re'
653 1357 790 1416 ertum,
815 1340 959 1406 aliorum
980 1338 1160 1406 intellecti·

58 1428 114 1489 bue
140 1425 243 1488 velim
269 1424 457 1510 praeferre,
494 1428 586 1512 quod
614 1365 710 1502 absim
745 1427 802 1489 sed
830 1425 1042 1490 confiderane
1069 1423 1159 1488 verit

58 1507 394 1594 contemplationibus
412 1529 485 1592 non
502 1512 684 1575 admodum
696 1511 855 1585 resistere,
876 1507 1161 1594 primordialium·

59 1612 119 1678 que
148 1593 320 1657 causarum
351 1591 388 1655 in
423 1591 561 1658 effectur
593 1593 647 1658 hio
673 1593 927 1680 ‘profusionibus
961 1596 1004 1657 de
1030 1590 1160 1690 ,quibua

59 1696 143 1738 nunc
172 1674 303 1762 agimus
333 1675 527 1742 convenire.
578 1681 621 1743 D.
650 1682 703 1742 De
735 1676 893 1765 operibus
922 1676 945 1740 6
970 1674 1159 1766 primorum

58 1757 190 1824 Dierum
210 1758 372 1846 quoniam
392 1759 510 1837 multi,
534 1776 569 1824 et
589 1782 723 1847 graece,
748 1777 782 1826 et
805 1759 911 1823 latine
930 1761 1038 1823 multa
1057 1777 1160 1844 expo·

6 1869 7 1876 ι
58 1842 159 1920 suere,
193 1841 360 1918 breviter,
396 1857 430 1906 et
457 1843 629 1910 succincte
649 1866 744 1910 nunc
766 1843 816 1909 die
842 1845 1009 1908 utendum
1030 1842 1092 1916 est,
1126 1855 1161 1905 et

6 1931 7 1934 ’
60 1929 144 2011 quod
174 1927 216 1992 de
236 1925 345 2013 prima
365 1929 442 1990 luce
464 1949 482 1991 a
503 1943 537 1992 te
559 1927 689 1994 dictum
710 1929 755 1993 est
772 1867 911 2008 videtur
927 1925 1014 1990 mihi
1034 1923 1161 1990 suffice·

59 2029 106 2086 re,
131 2011 195 2074 five
215 2009 451 2076 conditionem
471 2014 572 2091 hujus
594 2013 680 2078 lucia
702 2032 883 2099 corporeae
904 2008 1161 2074 substantialiter

58 2091 89 2157 in
117 2091 214 2180 igne,
246 2109 286 2157 ut
309 2097 342 2160 S.
363 2091 490 2185 Basilio
509 2095 664 2173 uidetur,
698 2097 764 2161 sive
786 2094 977 2172 coelestium
998 2092 1162 2160 virtutem
1266 2173 1271 2180 .

58 2173 207 2242 informa
226 2199 340 2242 earum
362 2195 401 2242 ut
423 2179 655 2273 &Angustiae
670 2181 736 2245 five
757 2178 1031 2244 Primordialium
1053 2178 1163 2242 oausa-

57 2280 126 2324 rum
154 2261 192 2324 in
222 2261 362 2348 effectus
390 2263 467 2329 suos
499 2267 688 2352 generalem
717 2262 960 2350 proceffionem
985 2261 1161 2350 significet,

59 2345 321 2443 qualemcunque
362 2349 486 2412 horum
521 2348 733 2415 intellectum
762 2347 838 2436 quie
873 2345 1061 2413 obtinuerit
1089 2365 1161 2410 non
1229 2341 1242 2364 ⁸

57 2426 150 2512 longe
172 2449 190 2490 a
210 2443 354 2493 veritate
376 2429 517 2496 distabit.
1226 2431 1232 2440 ”

113 2509 163 2574 26.
184 2511 233 2575 Μ.
257 2515 482 2578 Traneeamue
504 2535 583 2602 ergo
605 2517 648 2581 ad
670 2512 809 2582 secundi
831 2513 909 2578 Diei
927 2509 1163 2576 consideratio-

59 2613 146 2689 nem,
173 2609 219 2658 ac¹
231 2595 326 2681 priua
348 2595 531 2680 dicendum
554 2599 710 2686 estquod
733 2603 775 2664 de
795 2593 992 2684 dllegoricie
1013 2595 1164 2660 intellec·

58 2677 142 2740 tibur
172 2679 353 2744 moralium
379 2679 723 2767 interpretationum,
757 2682 851 2746 nulla
876 2699 972 2743 nunc
991 2677 1091 2744 nobie
1112 2678 1163 2741 in·

58 2761 159 2827 tentio
188 2762 254 2837 est,
288 2762 346 2830 sed
377 2767 419 2829 de
446 2765 516 2830 sola
537 2788 650 2831 rerum
670 2767 834 2831 factarum
855 2761 1027 2828 creatione
1048 2763 1165 2827 secun·

30 2881 34 2889 ι
58 2843 133 2910 dum
152 2845 323 2911 historiam
343 2869 453 2946 pauca
472 2849 624 2914 disserere
646 2852 710 2915 deo
734 2851 821 2914 duce
834 2867 1006 2913 conamur.
1029 2851 1074 2912 D.
1091 2847 1164 2911 Nec
1189 2895 1200 2906 .

57 2926 117 2992 hoc
145 2950 270 3017 quaero
301 2932 379 2998 satae
409 2929 502 2998 enim
532 2954 551 2998 a
581 2933 605 2996 s.
627 2931 779 3019 patribus
803 2936 846 2997 de
866 2931 985 2996 talium
1006 2928 1165 3018 allegoria

59 3009 98 3072 ess
125 3029 248 3078 actum.
303 3017 492 3082 MpDixic
542 3036 647 3104 troque
670 3019 769 3083 Deus
780 3017 853 3110 fiat
864 3015 1110 3108 flmomentum
1131 3016 1166 3077 itt

57 3095 159 3160 aredio
180 3119 357 3182 aquantur,
380 3113 415 3165 et
434 3103 509 3165 drot
533 3115 572 3165 at
592 3123 696 3188 aquus
716 3103 759 3166 ab
777 3103 890 3188 aquit,
914 3113 948 3163 et
959 3093 1166 3190 fecitDeus
1232 3129 1235 3134 ·
1257 3179 1259 3186 χ

50 3177 301 3269 fimamcntum.
343 3185 396 3249 De
424 3183 639 3250 firmamento
659 3207 778 3251 omnes
799 3183 1007 3258 unanimiter
1027 3184 1166 3248 consen·
1200 3191 1203 3198 ’

57 3261 162 3341 tiunt,
185 3269 279 3352 quod
300 3285 373 3329 non
390 3265 487 3330 ,aliud
512 3289 552 3332 eo
573 3270 732 3344 nomine,
755 3289 855 3355 quam
875 3271 943 3332 hoc
965 3269 1097 3332 coelum
1114 3263 1165 3330 vi·
1257 3325 1260 3332 .

56 3344 396 3435 sibilczsignisicaturt
427 3348 494 3416 alii
523 3365 635 3416 tamen
666 3369 847 3422 extremam
879 3351 973 3415 illam
993 3353 1166 3439 sphaeram

55 3431 237 3498 volubilem
268 3433 422 3521 undique
451 3448 562 3499 toturn
591 3440 758 3501 mundum
786 3433 1011 3510 ambientem,
1041 3432 1167 3501 chorio·

58 3531 117 3597 que
148 3517 310 3582 astrorum
339 3533 492 3584 ornatam
522 3518 752 3594 solummodo,
792 3517 849 3582 alii
868 3530 991 3588 ¹totum'
1020 3518 1037 3580 s
1059 3517 1167 3582 atium

57 3597 137 3664 ultra
165 3603 318 3677 Lunam,
360 3601 422 3666 ubi
447 3602 663 3667 Planetarum
691 3605 858 3690 Corpora,
893 3617 928 3667 et
960 3621 1020 3667 cur
1035 3623 1074 3667 ue
1103 3601 1166 3665 elle

58 3686 215 3776 predum,
247 3705 326 3750 cum
353 3681 427 3773 ipso
454 3699 607 3750 'extremo
634 3687 765 3775 ambitu
784 3687 943 3761 siderum,
976 3683 1034 3750 olii
1055 3699 1168 3752 totum

57 3783 152 3832 inane
173 3772 268 3854 quod
291 3767 380 3835 circa
403 3777 526 3834 terram
546 3769 706 3846 volvitur,
729 3773 798 3835 boc
819 3769 872 3846 est,
899 3777 982 3846 adra,
1008 3771 1166 3834 etaetbe·
1271 3795 1276 3804 ·

57 3865 107 3920 ἥ,
135 3850 469 3940 sublimisfimamque
489 3854 661 3941 sphaeram
683 3869 753 3920 uno
775 3855 943 3920 vocabulo
965 3847 1168 3920 firmamenti

58 3936 297 4017 comprehendi
318 3952 520 4022 autumant3
551 3959 621 4004 non
645 3938 738 4005 enim
759 3936 859 4016 alibi,
885 3952 926 4002 ut
945 3936 1061 4011 aiunt,
1085 3931 1167 4020 tegi·

59 4024 126 4089 mr,
148 4016 324 4098 Aetheris,
347 4037 383 4087 et
401 4019 495 4088 Adria
515 4021 691 4100 conditio,
721 4041 823 4106 quare
844 4032 957 4082 autem
976 4017 1037 4083 tali
1057 4015 1169 4083 nomi·

59 4112 282 4194 revocatur,
304 4117 407 4190 prout
426 4103 615 4192 unicuique
634 4103 744 4170 visum
766 4101 826 4178 cll,
849 4099 898 4166 ita
913 4101 1085 4204 exposuit3
1108 4096 1167 4168 alil

60 4184 197 4265 quidem
218 4200 351 4272 praeter
371 4175 644 4262 sustentationem
664 4203 826 4278 aquarum
849 4185 1076 4275 supenomm,
1109 4203 1167 4250 ve·

1002 4289 1016 4332 ]
1075 4301 1081 4317 ι
