2930 4982
89 423 234 500 solutior
256 420 506 506 irrationabiles
524 445 659 512 quoque
681 413 813 492 animae
834 439 970 506 motus,
993 425 1052 512 qui
1075 425 1122 490 ex'
1137 449 1205 490 rna-
1279 469 1282 478 .

90 507 178 574 teria
199 523 386 574 nascuntur
406 523 440 572 et
461 506 550 574 circa
568 531 645 574 eam
668 511 869 592 volvuntur:
892 529 977 594 quae
996 525 1117 574 cuncta
1134 532 1205 575 non
1245 517 1247 520 ’

90 593 133 656 est'
163 590 272 677 prima
291 589 498 671 ¹conditione
529 590 768 668 humanitatis,
800 593 859 656 sed
888 613 928 656 ex
956 591 1104 677 generali
1133 597 1205 674 ejus

91 691 235 763 peccato
258 671 396 740 initium
418 675 630 750 sumserunt,
664 674 811 762 ideoque
832 675 927 742 fimul
949 697 1026 740 eum
1048 675 1118 760 ipsa
1139 695 1207 740 ma·

91 757 179 824 teria
200 779 300 856 quam
322 756 501 834 inficiunt,
556 757 708 842 cribrant,
740 761 874 846 quando
896 752 997 843 ipsius
1018 757 1207 832 humanita-

91 841 137 906 tis
158 863 266 927 prima
290 837 443 906 conditio
465 844 506 906 ab
527 781 580 906 lii
602 839 760 910 omnibus
779 841 1006 928 similibusque
1019 840 1078 906 libi
1090 839 1206 940 pallio·

87 925 194 992 nibus
223 924 437 1006 liberabitur,
473 923 620 1012 igneque
650 925 813 1011 spirituali
848 923 982 998 divinae
1054 940 1140 988 atrae
1172 940 1207 989 et

89 1006 256 1088 bonitatis
285 1007 496 1095 purgabitur.
537 1011 582 1073 Et
618 1013 684 1074 hoc
711 1007 878 1096 Propheta
900 1003 997 1072 isaias
1034 1009 1208 1110 obsignes

87 1091 267 1158 Jerusalem
298 1089 513 1178 praedicens,
533 1087 777 1182 sanctificabo.
808 1090 940 1178 inquit,
971 1115 1041 1156 eam
1070 1095 1104 1156 in
1132 1115 1222 1177 1ng

89 1176 249 1248 ardente,
289 1189 323 1240 et
343 1177 519 1243 devorabit
528 1175 623 1264 secut
635 1173 776 1270 foenum
797 1180 964 1240 materiem
971 1200 984 1253 ,·
1014 1174 1128 1263 ignem
1151 1198 1208 1262 ap·

89 1258 242 1346 pellaris,
265 1279 336 1324 non
359 1259 483 1346 impios
505 1277 717 1347 torquentem
734 1258 901 1341 justissima
917 1281 1047 1345 poena,
1070 1259 1209 1324 fedior-⁴

92 1340 1208 1443 desnaturaepurgsntemclementiffimpgratia.Atfidivinajusti·
1291 1403 1294 1408 ,
1333 1410 1336 1422 Ι

92 1425 140 1488 tia
162 1423 199 1488 in
218 1425 312 1502 omni
328 1442 478 1517 erpetura
493 1449 564 1492 non
580 1429 657 1492 finit
673 1450 789 1514 puniri
813 1448 914 1490 omne
933 1423 1026 1512 qtiod
1038 1449 1061 1508 ,a
1077 1427 1207 1493 summo
1229 1497 1232 1502 ,

92 1511 186 1573 bono
216 1526 365 1574 creatum
394 1509 458 1586 est,
495 1532 566 1576 non
587 1512 694 1578 solum
717 1527 757 1576 ut
778 1511 874 1585 esset,
905 1509 1147 1574 verumetiam
1170 1524 1210 1573 ut

93 1592 224 1677 semper
253 1588 450 1678 impaslibile
465 1610 506 1657 ,et
526 1593 786 1682 incorruptibile
807 1591 984 1659 contrariis
1003 1592 1209 1680 paffionibua

92 1692 326 1762 permanerem
349 1679 521 1762 quomodo
541 1677 659 1764 puniri
680 1677 787 1765 potest
808 1694 866 1740 aut
886 1676 1061 1761 suppliciis
1083 1677 1208 1753 subjec-

92 1775 165 1830 tum
189 1758 269 1834 esse,
292 1763 384 1845 quod
406 1759 548 1829 omnino
574 1761 609 1827 in
633 1781 752 1826 natura
772 1782 885 1824 rerum
908 1781 979 1824 non
1002 1759 1207 1847 intelligitur

91 1842 184 1920 else3¹
210 1857 270 1906 aut
299 1846 471 1928 quomodo
489 1834 675 1930 ,impioium
698 1861 865 1910 tormenta
887 1842 1032 1908 naturali
1053 1844 1205 1925 subjecto

93 1927 187 2012 quod
208 1941 406 2012 torqueant.
437 1929 573 2024 possunt
594 1930 731 1995 careres
775 1929 823 1991 Μ.
846 1925 981 1992 Nodosa
1002 1926 1104 1992 nimir
1126 1923 1211 1991 diffi·
1256 1965 1263 1978 ·

93 2006 254 2095 cilisque,
277 2025 317 2073 ut
338 2009 464 2086 dixisti,
488 2015 530 2078 ad
550 2014 749 2078 solvendum
771 2007 962 2098 perplexior
985 2009 1021 2074 in
1036 2015 1100 2076 hac
1114 2009 1208 2078 enim

94 2093 287 2180 quaestione
321 2093 383 2158 tria
405 2093 505 2160 nobis
527 2114 726 2178 occurrunt;
760 2112 794 2159 et
815 2117 925 2158 unum
946 2115 985 2156 ex
1007 2091 1049 2159 iis
1072 2093 1206 2180 eligere,

93 2191 129 2240 et
160 2176 224 2241 alia
256 2181 324 2242 duo
354 2175 525 2261 infirmare
559 2182 687 2246 necesse
711 2177 762 2242 est.
809 2175 973 2264 Cogimur
993 2199 1140 2264 namque
1163 2177 1211 2240 fa·

95 2259 176 2335 teri,
212 2276 273 2324 aut
294 2263 385 2346 quod
406 2261 544 2346 penitus
569 2285 639 2328 non
661 2263 705 2326 est
726 2263 762 2326 in
784 2283 895 2326 rerum
916 2277 1056 2337 natura,
1093 2260 1210 2348 perse

94 2345 220 2428 absque
246 2344 316 2406 ullo
350 2344 499 2424 subjecto
532 2347 622 2432 posse
654 2344 789 2434 puniri;
822 2360 856 2409 et
878 2348 944 2408 boc
964 2333 1089 2410 ratitini
1111 2343 1211 2408 valde
1237 2397 1242 2433 ἲ

91 2425 229 2491 videtur
249 2427 400 2492 resistere.
445 2429 626 2512 Quomodo
648 2429 740 2492 enim
762 2427 926 2512 punitur.
964 2431 1056 2513 quod
1078 2449 1148 2493 non
1170 2427 1208 2493 in

93 2509 207 2595 aliquo
235 2509 398 2574 subsistit?
435 2517 502 2576 Aut
531 2515 700 2598 quoddam
732 2511 884 2576 naturale
914 2511 1100 2589 subjectum
1133 2510 1209 2596 sup·

88 2591 197 2680 'plicia
235 2593 325 2680 pati,
375 2597 467 2680 quod
501 2617 571 2658 non
607 2595 745 2668 minus,
787 2591 856 2678 imo
893 2595 970 2679 plus
1007 2593 1211 2658 rationiet

97 2675 290 2742 auctoritati
320 2676 527 2742 contrarium
559 2679 622 2742 else
651 2677 757 2742 vides.
812 2678 924 2742 Omne
956 2674 1087 2761 quippe¹
1117 2679 1210 2762 quod

96 2759 133 2824 in
173 2775 294 2826 natura
326 2781 439 2826 rerum
468 2783 488 2825 a
518 2762 649 2827 summo
675 2766 772 2826 -bono
802 2760 1015 2844 substitutum
1043 2759 1104 2835 est,
1145 2761 1211 2824 five
1270 2820 1272 2830 A

94 2844 291 2910 secundum
308 2844 550 2920 substantiam,
594 2845 660 2909 five
698 2845 882 2910 secundum
918 2840 1091 2916 accidens.
1128 2842 1213 2908 divi·
1283 2901 1285 2904 ,

94 2949 138 2990 na
168 2927 291 3008 justitia
321 2944 421 3013 atque
453 2927 581 3013 pietate
613 2927 755 3015 provida
800 2925 978 3011 tobibetur
998 2924 1132 3013 puniri,
1165 2947 1211 2990 ne

96 3010 180 3098 quid
214 3009 303 3074 triste
340 3011 540 3076 miserumve
572 3011 609 3075 in
646 2951 803 3076 universi
834 3026 984 3075 creatura
1012 3009 1210 3094 reperiatur.

94 3106 163 3158 Aut
198 3093 315 3180 puniri
344 3098 437 3191 quod
466 3117 537 3160 non
568 3096 629 3170 est,
665 3111 700 3159 et
728 3110 841 3160 tamen
863 3091 900 3157 in
922 3093 1074 3172 subjecto
1097 3094 1211 3182 aliquo

94 3181 187 3265 quod
210 3175 253 3240 est
276 3198 437 3264 omnique
459 3200 570 3263 poena
591 3177 736 3243 liberum
757 3176 913 3264 punitur.
954 3179 1086 3240 Horum
1109 3179 1211 3242 trium

95 3263 183 3348 elige
204 3260 287 3358 quid
307 3261 526 3346 sequendum.
571 3267 614 3325 D.
640 3261 818 3337 Tertium,
843 3277 939 3324 etex
963 3262 1095 3327 duobus
1141 3285 1211 3326 rae·

96 3348 295 3410 cedentibus
325 3347 565 3431 compositum
601 3347 624 3408 st
658 3361 771 3410 tamen
793 3341 1014 3431 probabiliter
1033 3287 1140 3431 potes
1161 3345 1213 3408 in·
1300 3389 1302 3395 ,

94 3429 224 3505 veniri;
249 3428 397 3513 torqueri
419 3429 510 3494 enim
533 3432 625 3516 quod
646 3451 717 3494 non
741 3429 803 3503 est,
841 3426 933 3492 etin
956 3443 1075 3492 natura
1099 3451 1211 3494 rerum

94 3533 167 3578 non
188 3511 381 3585 invenitur,
403 3529 464 3576 aut
484 3514 635 3577 naturale
657 3514 845 3592 subjectum
861 3532 987 3596 poenae
1006 3510 1088 3596 pati,
1111 3511 1212 3575 ratio-

94 3617 157 3660 nes
186 3593 379 3682 praedictae
407 3595 647 3661 incunctanter
680 3597 858 3668 refellunt;
893 3593 1009 3679 puniri
1033 3609 1144 3656 autern
1166 3593 1215 3658 vi·
1305 3623 1307 3630 >

94 3678 184 3743 tium
231 3680 300 3744 uod
321 3699 393 3742 non
416 3679 479 3754 est,
502 3679 540 3744 in
563 3678 676 3766 aliquo
700 3696 813 3744 tamen
835 3679 928 3774 quod
950 3675 994 3740 est
1015 3693 1050 3740 et
1070 3673 1213 3762 impelli·
1264 3724 1269 3736 .

92 3761 164 3827 bile
236 3760 431 3848 ‚quoniam
477 3763 523 3828 ati
543 3783 671 3860 poenas
692 3785 764 3842 non
786 3762 921 3848 finitur,
948 3757 1109 3824 credibile
1128 3759 1213 3826 mihi

93 3846 250 3922 videtur,
283 3845 423 3934 verique
444 3787 666 3922 simillimum
699 3843 853 3935 quamvis
874 3842 998 3910 mentis
1018 3865 1115 3908 meae
1135 3864 1214 3909 con·

94 3927 230 3998 tuitum.
253 3930 365 3994 adhuc
382 3931 516 4018 ,sugere
546 3929 719 4007 rideatur,
755 3935 870 3996 utrum
892 3928 959 3992 tale
984 3929 1144 4013 quiddam
1166 3928 1214 3992 ita
1240 3933 1245 3940 '

93 4013 146 4080 fit.
188 4013 238 4078 M.
260 4012 412 4091 Veritas,
457 4013 675 4080 merentibus
697 4015 741 4090 se,
762 4009 821 4100 pie
845 4032 885 4078 ac
906 4013 1029 4078 devote
1049 4026 1139 4076 amat
1159 4031 1215 4077 oc·

95 4115 235 4164 currere
264 4095 365 4186 seque
399 4037 505 4186 ipsam
526 4096 674 4186 aperire,
706 4111 744 4166 et
764 4117 852 4186 quae
870 4109 1002 4163 menter
1025 4115 1142 4176 eorum
1164 4095 1214 4160 su·
