2930 4982
490 237 839 338 mannaan.)
1034 253 1038 262 ·
1106 247 1190 322 reo

56 387 443 520 'hypothelinfinfieret
463 432 564 507 alieni
585 433 694 500 virtus
718 434 985 524 transgrediendi
998 435 1188 501 mensurant

77 518 116 583 in
169 521 246 582 uam
274 516 467 582 extenditur
495 520 632 593 umbrat
666 518 808 687 omrtp'no
830 517 867 584 in
888 519 1019 584 lumine
1040 518 1134 595 esset,
1168 539 1188 582 a

77 615 158 666 tene
181 598 227 664 rit
257 597 399 664 illaesus.
457 598 513 666 Sic
546 598 688 666 arbitror
716 619 737 666 o
761 616 872 672 nrtere
897 601 1001 667 etiam
1022 603 1064 665 de
1083 601 1185 666 nobis

33 704 41 714 ·
77 682 243 770 cogitare,
271 681 352 768 qnia
379 697 590 755 transeuntes
616 682 764 750 malitiae
790 681 996 761 terminum,
1038 704 1117 748 cum
1147 680 1186 748 in

76 763 270 836 summitate
299 768 437 830 umbrae
467 767 599 854 peccati
628 766 807 842 fuerimus,
841 767 965 832 iterum
997 765 1035 832 in
1056 764 1187 835 lumine

76 847 361 924 conversabimur,
373 851 555 916 secundum
564 849 734 916 infinitam
745 849 1076 938 multiplicationem,
1082 869 1186 934 quan·
1201 919 1204 924 ,

78 947 153 996 tum
182 935 224 996 ad
244 931 620 1008 malitiaemensuram,
651 935 961 1000 bonorumnatura
981 935 1188 998 abundante.

76 1019 204 1080 Itoenm
234 1035 313 1102 ergo
347 1015 538 1100 paradisus,
566 1017 689 1082 iterum
711 1038 812 1082 omne
834 1015 923 1082 illud
942 1016 1074 1103 lignum
1095 1017 1190 1114 quod

73 1098 180 1162 ¹etiam
200 1097 292 1162 vitae
314 1098 357 1161 eli
375 1099 526 1186 lignum,
558 1100 682 1166 iterum
700 1099 861 1188 imaginis
882 1099 987 1187 gratia
1009 1115 1044 1163 et
1062 1095 1189 1186 princi·
1227 1125 1252 1180 y·

74 1181 127 1269 pii
157 1179 336 1266 dignitas.”
377 1182 615 1265 Animadverte
643 1205 744 1272 quam
779 1185 867 1249 clare
888 1200 923 1249 et
941 1180 1202 1247 rationabiliter
1235 1247 1258 1260 p,

75 1279 112 1329 et
139 1263 374 1330 indubitanter
403 1266 533 1340 astruit,
572 1266 721 1354 primum
775 1265 889 1333 uidem
904 1265 1083 1332 malitiam
1112 1285 1187 1330 non
1217 1251 1259 1356 ,si

74 1347 169 1436 posse
188 1347 253 1412 elle
272 1363 487 1434 perpetuam,
510 1351 567 1414 sed
588 1373 628 1415 er
648 1372 713 1416 nee
773 1365 972 1417 tatarorum
994 1353 1035 1433 ad
1056 1364 1188 1413 cernam
1202 1349 1232 1444 ζ

75 1429 261 1495 terminum
281 1437 518 1516 perventuram
541 1449 575 1496 et
596 1436 868 1521 quandocunque
890 1433 1105 1498 defecturam.
1151 1431 1189 1494 Si

76 1513 170 1578 enirn
204 1511 320 1578 divina
346 1515 500 1589 bonitas,
538 1538 623 1603 quae
644 1518 774 1604 semper
794 1535 866 1582 non
889 1515 996 1580 solum
1018 1512 1187 1588 inbonis,

75 1618 196 1662 verum
218 1593 320 1660 etiam
340 1597 378 1664 in
399 1598 496 1664 malis
515 1602 604 1665 bene
624 1616 801 1688 operatur,
838 1615 973 1666 aeterna
994 1599 1038 1663 eli
1059 1613 1093 1662 et
1112 1596 1189 1662 infi-

72 1679 168 1755 nits;
189 1679 397 1746 sonnatium
421 1687 493 1763 ejus
513 1682 693 1748 necessario
714 1703 786 1748 uon
808 1682 874 1748 erit
896 1697 1070 1747 aeternum
1083 1696 1123 1766 et
1136 1679 1188 1744 iu·

76 1763 226 1828 finitum.
269 1761 430 1851 Alioquin
461 1784 532 1830 non
564 1765 628 1831 erit
649 1766 874 1843 contrarium,
908 1787 973 1831 nec
992 1787 1033 1830 ex
1052 1763 1189 1830 adversa

72 1861 171 1992 parte
201 1847 403 1932 oppositum.
454 1850 597 1914 Aeterna
617 1850 640 1914 fi
663 1849 778 1916 uidem
801 1848 962 1936 qualitate
984 1847 1187 1946 discrepant,
1207 1877 1212 1926 ι

91 1931 145 1993 ola
175 1929 382 2014 aeternitatis
411 1932 612 2018 icqualitatc
642 1871 773 1998 ibimet
793 1931 1016 1998 conveniunt.
1059 1929 1188 2002 Drvina
1244 1930 1246 1940 '

72 2033 223 2098 namque
253 2011 360 2099 pictus
391 2015 676 2101 atque'sereritas
704 2015 867 2104 qualitate
888 2015 1070 2091 dissonant,
1104 2014 1188 2096 dum

4 2115 6 2124 ’
71 2117 144 2159 una
166 2093 288 2159 delicta
310 2095 430 2183 punit,
453 2100 555 2162 altera
575 2098 748 2186 indulgete
770 2103 887 2164 ambae
902 2115 1015 2162 tamen
1031 2112 1187 2162 aeternae

4 2199 13 2252 η’
73 2181 178 2243 sunt..
208 2179 355 2244 Divinae
385 2196 497 2245 autem
526 2181 689 2258 bonitati,
722 2181 851 2256 malitia
879 2179 1021 2246 omnino
1044 2179 1188 2278 opponi·

72 2279 143 2327 tur.
178 2263 319 2327 ‘Malitia
340 2263 454 2348 itaque
476 2265 800 2332 consummationem
825 2265 985 2351 accipiet,
1009 2279 1043 2328 et
1058 2285 1096 2328 tn
1111 2265 1187 2327 nul-

72 2349 107 2410 la
128 2361 248 2410 natura
270 2345 476 2421 remanebit;
498 2348 658 2434 quoniam
680 2348 717 2412 in
740 2347 898 2414 omnibus
920 2347 1054 2412 bonitas
1067 2346 1186 2412 divina

72 2443 111 2494 et
133 2429 327 2515 operabitur
348 2446 382 2492 et
403 2431 586 2514 apparebit.
631 2435 677 2495 bc
700 2451 761 2516 per
782 2434 848 2496 hoc
868 2446 1022 2494 naturam
1043 2430 1188 2493 nostram

71 2533 148 2576 non
171 2514 233 2578 else
253 2512 289 2577 in
313 2514 400 2576 malo
423 2513 547 2588 fixam,
569 2535 634 2577 nee
655 2515 803 2578 suturam
825 2514 888 2576 else
908 2512 1039 2598 semper
1058 2510 1188 2576 malitia

73 2600 266 2668 detentam,
299 2596 356 2659 sed
386 2599 428 2659 ad
455 2599 584 2660 bonum
612 2595 711 2661 finito
749 2595 843 2660 omni
872 2596 961 2659 malo
981 2595 1188 2659 reversuram

70 2679 245 2765 praefatus
267 2694 384 2742 auctor
406 2677 523 2744 asserit.
567 2679 663 2743 Sicut
684 2678 777 2744 enim
798 2680 915 2742 umbra
937 2693 1062 2752 terrae,
1078 2697 1188 2762 *quam
1202 2661 1245 2754 tis

4 2785 6 2806 ⁵
72 2777 213 2826 noctem
244 2763 431 2848 appellant}
465 2761 501 2824 in
533 2763 614 2826 adria
645 2776 679 2826 et
701 2761 844 2826 aetheris
865 2759 970 2842 spatia
992 2781 1053 2846 per
1074 2759 1218 2848 inlini-f

4 2891 5 2924 3
73 2861 150 2908 tum
170 2867 242 2910 non
264 2844 463 2931 porrigitur,
487 2845 543 2909 sed
564 2845 651 2910 intra
674 2861 812 2910 centum
835 2859 870 2908 et
889 2842 1015 2929 viginti
1037 2843 1091 2906 sex
1111 2841 1196 2908 mil-'

72 2930 121 2992 lia
149 2929 347 3002 stadiorum,
377 2943 415 2990 ut
442 2927 568 3014 physici
595 2929 792 3015 perhibent,
835 2920 1083 2991 coarctantibus
1112 2946 1190 2989 eam

71 3013 230 3110 undique
250 3011 410 3083 solaribus
430 3011 534 3075 radiis
557 3009 645 3075 circa
671 3026 790 3077 terram
813 3009 956 3084 diffufis,
986 3005 1085 3074 instar
1105 3007 1187 3072 coni
1260 3067 1263 3080 ,

4 3175 5 3178 ¹
72 3095 310 3168 acuminatur,
333 3093 381 3157 ita
401 3110 440 3156 ut
459 3093 597 3180 penitus
619 3094 770 3174 deficiat3
792 3095 836 3158 stc
856 3091 1004 3166 malitia,
1027 3113 1114 3177 quae
1129 3113 1186 3154 ve·

71 3179 142 3247 luti
170 3180 332 3264 quaedam
354 3181 473 3242 umbra
495 3177 695 3242 delictorum
715 3177 901 3241 nostrorum
924 3175 1065 3240 nostram
1088 3195 1188 3238 occu-

70 3279 135 3350 pat
162 3277 336 3335 naturam,
367 3260 573 3324 abundantia
589 3271 591 3278 ’
606 3263 767 3346 supernae
792 3276 826 3324 et
847 3275 1002 3323 aeternae
1023 3257 1187 3322 bonitatis

71 3343 317 3411 coarctabitur
339 3359 372 3406 et
408 3340 548 3409 omuino
581 3343 786 3416 abolebitur;
830 3345 909 3408 dnm
940 3341 1186 3406 irrationabiles

69 3434 244 3494 burnanae
275 3424 406 3490 animae
439 3443 552 3491 motus
574 3431 614 3490 ud
635 3424 852 3492 rationabiles
873 3423 1025 3488 veritatis
1047 3423 1186 3488 affectus

69 3523 328 3579 convertentur.
381 3509 515 3574 Deinde
546 3511 687 3574 nostram
721 3504 876 3573 naturam'
896 3508 1024 3592 semper
1043 3504 1185 3580 moveri,

72 3595 170 3684 quod
200 3593 300 3657 etiarn
322 3593 391 3656 sete
412 3597 530 3658 omnes
552 3591 663 3660 divini
684 3589 875 3678 philosophi
898 3593 1103 3675 approbant,
1135 3586 1185 3652 iu-

70 3693 275 3745 cunctanter
306 3675 428 3750 asserit,
469 3692 502 3740 et
530 3675 618 3739 nihil
649 3677 740 3740 aliud
767 3671 898 3774 appetit
927 3672 990 3736 nist
1019 3673 1186 3736 summum

68 3767 225 3838 bonu'm,
248 3780 267 3823 a
311 3781 355 3826 uo
377 3759 484 3824 veluti
497 3756 667 3844 principio
682 3757 807 3844 inciprt
821 3755 970 3836 moveri,
993 3757 1080 3824 etad
1093 3754 1186 3852 quod

69 3847 184 3911 veluti
215 3783 388 3908 adlinem
416 3859 548 3908 motum
582 3842 679 3904 suum
701 3843 871 3906 accelerat.
914 3841 1003 3905 Tota
1022 3839 1186 3924 siqnidem

72 3925 289 3995 rationabilis
313 3945 463 3992 creatura
484 3947 569 4013 quae
591 3925 728 4011 proprie
749 3924 785 3988 in
807 3921 1003 3988 hominibus
1020 3921 1187 3990 subsistere

72 4009 316 4098 intelligiturs
336 4011 436 4075 etiam
463 4009 500 4074 in
532 4009 664 4074 delictis
696 4006 761 4072 stris
780 4005 1007 4091 perversisque
1032 4001 1186 4072 anfracti-

73 4101 143 4162 bus
173 4092 352 4160 dotuiunm
380 4095 495 4170 sunm,
523 4115 543 4158 a
564 4114 632 4178 quo
652 4091 696 4155 est
717 4106 752 4154 et
772 4093 815 4156 ad
835 4111 936 4178 quem
957 4089 1187 4174 cotttemplan·
1220 4124 1235 4148 .-

77 4183 163 4247 dttm
192 4176 331 4246 condus
361 4177 427 4256 etl,
456 4173 756 4266 semperquaetit.
805 4170 1029 4258 Ratipnabilia
1060 4171 1186 4259 quippe
