2958 4978
166 221 543 355 ¹-xvur

347 431 401 498 dd
420 431 515 496 iia.
558 427 770 524 Quamquam
797 423 836 489 iu
864 421 961 488 libria
990 421 1033 485 de
1054 419 1217 488 divifio'ne
1237 407 1397 489 nonnulli

285 514 354 580 ioci
373 510 609 601 reperiuntur,
632 512 753 598 quibua
775 511 922 574 mundae
944 506 1142 591 archetypue
1159 506 1197 572 in
1211 511 1306 594 Logo
1319 511 1396 584 Deo

191 609 194 618 ⁴
268 615 423 664 'aeterne
445 593 620 670 conditur,
660 589 760 680 qu'aru
780 613 874 656 nunc
894 591 1004 654 ideam
1027 588 1206 655 creationis
1229 593 1399 738 appellare

246 697 248 704 ’
286 682 412 754 [olent.
436 701 513 746 curu
534 679 748 744 fecundasse
776 672 954 764 Trinitatis
974 673 1116 762 persona
1136 676 1241 738 eoufu
1251 695 1320 750 ue,
1340 675 1398 738 rel

286 785 360 831 uon
390 763 467 828 fatie
497 765 537 827 ab
566 765 683 828 eadem
704 759 877 824 distinctue
898 754 1053 839 videturt
1083 758 1183 822 multi
1204 773 1317 822 tamen
1340 756 1398 822 alii

285 846 356 915 loci
385 847 586 949 occufrunt,
615 843 675 932 qui
709 843 931 941 determinate
945 851 986 904 'et
1008 841 1153 926 praecise
1175 862 1195 943 a
1215 843 1324 906 Verbo
1347 863 1397 905 ae·

284 946 383 1080 {32¹3
398 929 730 1099 iiiiffliiii
748 925 1262 1095 tt..⁶.⁰.‘¹t¹¹.².Y.2¹‚¹’2.?2¹}‡tttt
1282 940 1398 1073 titt

286 1097 491 1188 perfectum,
513 1109 726 1161 ornaturam
749 1107 882 1158 aeterne
904 1089 1076 1157 conditam
1096 1113 1125 1157 e.
1145 1105 1309 1167 menam,
1333 1090 1422 1157 dia·.

285 1189 449 1255 cernunt,
470 1180 649 1245 licetcurn
671 1181 766 1262 Logo
791 1173 910 1242 divino
932 1177 1153 1254 conjunctu,
1229 1177 1318 1239 ando
1339 1195 1397 1238 na·

124 1287 168 1352 χ
284 1265 384 1329 rurae
403 1277 534 1330 creatae
552 1281 624 1327 non
645 1259 794 1336 creanti,
818 1277 920 1346 quem
939 1259 1107 1324 mundum
1127 1280 1163 1320 re
1197 1279 1251 1322 em
1273 1278 1301 1323 e.
1315 1256 1398 1341 Uni·

286 1347 420 1413 versum
433 1366 556 1412 vocare
571 1343 733 1422 solemne,
756 1341 942 1435 opponitur
958 1341 1050 1406 idern
1062 1357 1097 1406 et
1110 1355 1221 1412 creata
1231 1353 1267 1406 et
1280 1359 1398 1405 creant

286 1419 475 1517 appelletui
504 1443 636 1494 natura.
678 1430 852 1494 Praeterea
871 1425 1017 1512 Erigena
1037 1421 1074 1488 in
1096 1423 1217 1499 variie,
1250 1445 1332 1509 quae
1355 1427 1400 1489 de
1465 1457 1466 1504 t

288 1515 337 1578 St.
359 1511 524 1576 Ternario
545 1511 675 1598 profert
695 1508 978 1598 expofitionibue,
1000 1530 1100 1594 quam
1117 1504 1316 1577 trricriffine
1336 1507 1399 1572 fin·

311 1596 382 1660 ulae
410 1596 567 1682 personae
597 1595 664 1660 five
692 1586 898 1665 ὑποστάσεις
919 1590 1048 1657 claffice
1068 1593 1253 1658 seeundum
1274 1593 1399 1679 dogma

287 1619 483 1765 iiffinguit:
501 1695 535 1742 et
555 1678 799 1764 consequenter
821 1675 923 1742 cti'atu
943 1673 1049 1762 λόγον
1077 1673 1317 1742 dicit'aet'erue
1343 1697 1399 1761 ge·

286 1760 420 1838 nitum,
452 1783 516 1826 nec
535 1775 674 1826 aeterne
690 1761 956 1859 procedentem,
989 1779 1054 1823 nec
1076 1775 1211 1824 aeterne
1234 1773 1396 1823 creatum.

288 1848 416 1920 Locoe,
449 1844 571 1950 quibue
600 1843 658 1911 iila
687 1859 779 1909 mter
808 1847 928 1930 Logon
956 1857 1178 1929 naturamque
1198 1858 1344 1907 creatam
1366 1857 1401 1905 et

286 1943 456 1992 creantem
478 1927 666 2002 distinctio,
702 1927 811 1992 multo
832 1923 939 2015 magio
961 1925 1064 1990 etiam
1084 1926 1174 1990 inter
1194 1928 1340 2012 eundem
1364 1939 1400 1988 et

284 2025 439 2077 naturam
460 2025 604 2076 creatam
624 2030 697 2075 non
719 2025 889 2076 creantem
908 2032 935 2073 e.
967 2025 1152 2075 ereaturam
1173 2007 1310 2096 proprie
1331 2006 1401 2073 dic·

286 2108 374 2170 tam.
406 2093 507 2160 nobie
536 2091 709 2158 clariffime
731 2093 868 2159 uidetur
897 2092 1092 2160 illuceecere
1126 2098 1279 2178 (praeter
1306 2091 1396 2166 illoe,

286 2176 409 2264 quibua
432 2181 526 2242 Deue
548 2176 682 2263 genitus
704 2179 817 2262 aDeo
863 2191 1022 2242 onerante
1045 2193 1080 2242 et
1098 2178 1306 2263 procedente
1322 2194 1396 2239 nou

212 2266 215 2274 '
286 2260 418 2336 minue,
456 2281 555 2347 quam
579 2282 600 2324 a
622 2275 773 2332 creatura
792 2201 1007 2347 diffinguitur
1043 2257 1083 2340 ²³)
1105 2281 1123 2324 e
1145 2258 1262 2326 multie
1283 2257 1398 2323 affera-

285 2365 361 2410 mua
383 2347 504 2410 hoece:
626 2377 632 2414 ι

348 2427 423 2492 Lib.
446 2429 502 2512 ῌΙ.
533 2449 569 2522 p.
595 2437 668 2504 aaa.
690 2427 757 2514 seq.
800 2427 1011 2502 „credemur
1040 2424 1155 2524 itaque
1177 2439 1212 2490 et
1232 2439 1399 2512 quantum

287 2509 401 2584 datur,
436 2524 560 2578 mentre
589 2509 661 2575 acie
682 2509 898 2587 intueamur,
935 2507 1049 2574 omnia
1070 2507 1212 2573 visibilia
1233 2524 1268 2572 et
1287 2507 1400 2572 invisi·

283 2589 365 2656 bilia
396 2606 461 2658 etc.
487 2607 573 2667 etc„
609 2615 631 2680 q
677 2614 831 2680 ecunque
858 2591 1057 2658 univerfitae
1090 2591 1195 2657 totiue
1225 2607 1399 2656 creaturae

284 2672 459 2752 continet,
487 2675 534 2740 in
564 2613 702 2742 Veruio
721 2675 805 2756 Dei
824 2675 1068 2762 Unigenito
1090 2691 1125 2740 et
1145 2690 1280 2740 aeterna
1300 2674 1396 2739 snnul

284 2771 321 2822 et
345 2759 435 2824 facta
464 2759 546 2834 effe,
584 2773 619 2822 et
648 2779 761 2846 neque
792 2759 1025 2844 aeternitatem
1054 2758 1092 2822 in
1126 2758 1176 2822 eie
1196 2761 1398 2844 praecedere

283 2841 464 2918 facturam.
497 2863 609 2928 neque
644 2841 809 2909 facturam
839 2846 1038 2930 praecedere
1060 2841 1303 2908 aeternitatem.
1348 2840 1398 2907 si-

282 2924 422 3024 gnidem
451 2945 569 2990 eorum
597 2923 894 3013 aeternitaestacta
924 2926 986 3002 ut,
1019 2940 1054 2990 et
1082 2924 1236 2991 conditio
1260 2939 1396 2990 aeterna

281 3027 321 3073 tn
343 3005 594 3094 dispensatione
613 3006 741 3073 verbi.’¹
1077 3026 1081 3035 ’

346 3091 420 3154 Lib.
442 3093 499 3154 111.
521 3113 555 3176 p.
578 3104 651 3169 23⁹.
687 3091 907 3165 „Inconcuffa
927 3089 1043 3178 itaque
1064 3089 1244 3156 auctoritas
1258 3089 1397 3155 divinae

280 3167 465 3259 scripturae
485 3192 549 3237 noe
568 3193 644 3238 com
671 3173 743 3238 ellit
763 3176 917 3250 credere,
939 3175 1045 3240 totiue
1071 3192 1242 3239 creaturae
1255 3175 1397 3248 Univer·
1465 3175 1466 3212 ³

279 3253 409 3320 fitatem
439 3253 612 3320 in'Verbo
678 3254 708 3319 ei
737 3257 911 3322 conditam
942 3259 1004 3324 effe
1037 3256 1137 3343 ipfiue
1168 3279 1248 3322 vero
1277 3255 1396 3325 mndi-

281 3336 390 3403 tionie
418 3338 584 3422 ratio-nem
606 3359 723 3404 omnee
744 3338 938 3405 intellectae
959 3341 1132 3428 superare,
1169 3339 1296 3426 solique
1317 3344 1397 3406 Ver·
1465 3343 1466 3350 ’

277 3419 345 3498 bo,
368 3419 405 3485 in
429 3440 495 3508 quo
518 3421 655 3486 condita
677 3423 772 3499 sunt,
795 3423 968 3510 cognitam
990 3425 1085 3490 effe.”

343 3504 419 3570 [tib.
441 3507 498 3568 111.
519 3519 553 3589 p.
576 3517 660 3590 239..
675 3505 796 3581 „Dicit
817 3508 907 3572 enim
930 3511 970 3588 (e.
994 3506 1188 3592 seriptura)t
1210 3508 1254 3570 In
1277 3505 1395 3593 prin·

282 3585 399 3674 cipio
429 3585 537 3651 fecit
556 3591 670 3652 Deue
692 3592 861 3656 coelum
883 3607 922 3654 et
942 3607 1117 3675 terram3
1146 3591 1213 3654 boc
1235 3589 1278 3654 et
1299 3592 1395 3654 Deue

279 3687 376 3756 pater
402 3669 440 3736 in
470 3673 543 3738 Deo
565 3671 637 3736 filio
658 3672 908 3738 universitatem
932 3673 1038 3758 totiue
1060 3670 1393 3738 creaturaevii'tbilie
1465 3685 1466 3746 t

280 3768 316 3817 et
335 3751 511 3822 invibbilie
532 3755 708 3824 condiditt
729 3771 763 3820 et
783 3755 867 3844 quid
888 3756 925 3820 in
938 3756 1110 3844 principio
1133 3756 1213 3833 suo,
1235 3753 1279 3820 in
1301 3774 1393 3818 ver·

278 3835 331 3900 bo
363 3837 462 3916 tuo,
504 3836 549 3902 in
585 3837 687 3904 tilio
717 3839 792 3904 iuo
820 3838 1063 3928 unigenito
1092 3840 1392 3938 pateryeonderet,

294 4053 357 4119 Ι)
376 4051 417 4108 ct.
435 4053 483 4104 lib.
501 4055 536 4106 11.
564 4053 678 4118 „Ouinio
695 4063 786 4110 antem
804 4063 927 4112 nutura
941 4058 1042 4127 incipit
1051 4005 1123 4118 eric,
1141 4057 1206 4127 quia
1219 4061 1287 4118 erat,
1305 4068 1393 4124 quoru

233 4155 240 4180 .
343 4137 401 4174 non
419 4129 571 4187 eratanrat
588 4125 619 4176 in
637 4125 721 4176 morie
741 4124 1058 4197 quidem,noueratin
1074 4123 1233 4180 effectibaa:
1253 4141 1312 4178 uon
1329 4139 1391 4177 on·
1465 4165 1466 4188 p

342 4190 409 4246 aino
427 4191 511 4258 igitur
526 4207 590 4249 vere
607 4195 765 4251 aeternitati
781 4203 925 4252 eoaetema
947 4195 1015 4249 eet.'.'
