2930 4982
443 100 857 251 Umerorum„
1096 111 1250 251 frea
1358 191 1363 204 -

90 283 312 408 tom'feurprr
333 297 662 412 caeremoniarum,
694 322 927 412 suppliciaque
946 303 1133 410 pulsurum
1150 341 1201 390 -et
1291 285 1294 306 Ι

61 489 65 502 ¹
91 405 115 470 si
137 401 187 502 ita
208 401 272 502 est..
296 402 450 506 sequitur·
463 427 533 474 non
559 399 699 514 omnino
720 405 988 506 pulcritudinem
1005 423 1199 532 naturarum

26 566 31 582 ·
89 487 512 667 returnabat
526 513 607 652 aa
630 491 1198 661 emerentianae:

90 655 168 718 dent
194 669 290 736 apua
322 677 432 729 rerum
464 672 617 726 naturam
639 661 692 723 vel
715 675 805 724 extra
827 659 1053 727 camnullum
1074 661 1198 736 malurn
1299 658 1300 664 ’

86 733 376 833 invefllislefisssl
405 737 583 836 Dionysius
611 743 813 828 Areopagita
834 742 869 807 in
891 739 977 808 libro
1001 745 1049 814 de,
1063 739 1199 806 Divinis
1236 793 1244 804 .

85 821 291 893 Nominibus
324 821 568 909 multiplicrbur
601 824 714 890 astruit
744 825 951 901 rationibus,
995 847 1076 912 quaa
1106 845 1199 890 nunc

86 901 304 968 introducere
338 923 371 970 et
402 907 539 992 longum
571 924 606 972 et
637 909 840 995 superfluum
871 907 1015 973 videtur.
1064 907 1198 974 Deinde
1308 919 1314 924 '

86 986 263 1130 perversor
285 989 511 1073 perversarum
533 992 747 1058 voluntatum
774 1009 887 1060 motus
911 992 1016 1056 malos
1036 1013 1108 1058 non
1125 991 1196 1065 else.

100 1071 143 1135 ed
177 1067 333 1146 illicimur
395 1077 462 1140 uod
492 1074 583 1140 eninr
605 1097 644 1140 ex
666 1077 772 1141 libero
795 1074 1004 1140 rationabilis
1027 1090 1198 1140 creaturae

86 1149 226 1216 arbitrio
258 1095 433 1239 procesit,
470 1157 544 1244 quie
578 1161 703 1224 malum
726 1161 787 1224 esse
810 1158 955 1224 dixerit?
992 1158 1028 1222 Si
1049 1157 1141 1222 enim
1161 1155 1200 1221 li·
1235 1148 1237 1164 ¹

87 1237 199 1300 bertae
232 1253 370 1304 naturae
398 1241 613 1306 rationabilie¹
636 1246 678 1307 ad
712 1242 894 1330 imaginem
916 1239 981 1305 Dei
1003 1243 1160 1306 conditae
1176 1262 1200 1326 ,a

86 1321 162 1382 Deo
182 1319 260 1414 data
284 1321 351 1397 est„
375 1345 445 1390 non
468 1325 558 1391 enim
583 1325 693 1413 imago
716 1327 781 1392 Dei
802 1326 880 1392 ullir
901 1326 1033 1424 legibue
1055 1323 1200 1417 detineri

89 1402 209 1498 debuit
233 1421 374 1482 coactu
411 1407 595 1486 ,necessario
627 1431 728 1478 omne
754 1413 845 1497 quod
878 1427 919 1474 ex
945 1409 1014 1494 rpsa
1043 1407 1198 1504 libertate

86 1499 225 1562 evenat,
260 1487 384 1554 malum
412 1489 469 1554 seu
497 1491 622 1556 malitia
644 1509 734 1565 recte
759 1491 826 1560 dici
847 1513 918 1565 non
940 1491 1061 1578 potest,
1093 1512 1137 1554 ne
1160 1511 1197 1557 11¹

87 1565 203 1653 aliquo
225 1572 351 1635 malum
375 1587 408 1635 et
429 1574 556 1638 malitia
577 1579 809 1643 concludatur.
846 1577 892 1638 Et
913 1575 935 1640 fi
956 1574 1060 1653 libera
1081 1575 1198 1638 volun·
1247 1574 1249 1580 ’

89 1665 140 1716 tae
162 1649 354 1721 rationabili
378 1671 411 1720 et
432 1656 639 1747 intelligibili
668 1676 837 1725 creaturae
858 1679 928 1724 non
951 1656 1029 1723 ideo
1051 1653 1200 1725 concessa

84 1733 127 1806 fit
147 1750 193 1807 ut
207 1758 268 1826 per
290 1759 362 1802 eam
385 1756 557 1825 peccaret,
593 1742 646 1807 sed
669 1760 708 1808 ut
730 1766 789 1830 per
811 1764 884 1806 eam
906 1743 1023 1827 pulcre
1044 1756 1078 1804 et
1100 1738 1200 1816 ratio·

84 1816 446 1902 nabiliter,conditori
479 1823 537 1888 suo
569 1824 762 1910 inserviret3
809 1841 921 1890 temen
951 1823 988 1887 in
1022 1821 1088 1888 suia
1118 1821 1200 1886 licet

88 1901 195 1966 veluti
218 1901 351 1990 captiva
374 1903 659 1975 irrationabilibus
682 1909 830 1974 motibus
851 1911 892 1972 ad
920 1905 1039 1972 illicita
1061 1920 1199 1972 attracta

84 1983 144 2078 fit,
172 2007 242 2052 non
274 1987 355 2052 inde
377 1990 502 2054 malum
525 1990 689 2068 nancitor,
723 1993 779 2058 sed
803 1991 940 2089 aliquod
962 1988 1198 2076 corrigendum

85 2066 205 2132 divina
226 2070 348 2148 justitia
371 2088 405 2146 et
426 2080 653 2140 revocandum
677 2075 794 2142 divina
815 2073 1061 2149 misericordia,
1084 2075 1199 2140 sicor-

86 2149 297 2218 rectionibuo
324 2154 390 2222 suit
423 2173 456 2220 et
480 2159 775 2226 emendationibus
795 2159 919 2224 liberae
942 2154 1128 2223 voluntaria
1152 2177 1199 2219 ar·

88 2231 226 2300 bitrium
259 2235 363 2310 suerit
386 2239 567 2316 obedienr;
600 2243 646 2306 fin
668 2264 748 2307 vero
771 2259 953 2316 contumax
975 2237 1129 2324 superbia
1150 2235 1199 2300 in-

86 2317 203 2384 slatum
224 2319 260 2384 in
282 2319 350 2386 suia
372 2325 530 2406 perversae
553 2325 701 2389 motibus
724 2327 933 2412 perseverare
950 2321 1115 2394 voluerit,
1138 2320 1197 2384 im·

84 2415 184 2485 petua
206 2407 276 2482 eiua
297 2403 496 2471 libidinosus
518 2407 740 2482 retinebitur,
769 2430 823 2480 ne,
847 2409 938 2492 quod
959 2403 1078 2470 illicite
1101 2425 1198 2487 appe·
1296 2409 1298 2416 “

89 2481 154 2560 tit,
177 2489 417 2572 apprehendat.
467 2493 512 2552 Et
531 2493 598 2554 boc
620 2491 662 2554 cst
688 2506 794 2554 toturn
818 2493 910 2576 quod
933 2486 1058 2554 dicitur
1076 2484 1200 2548 liberae

86 2581 122 2628 et
151 2569 324 2653 perversae
356 2571 540 2637 voluntatie
571 2573 792 2660 supplicium3
821 2577 895 2647 ⁴hoe
925 2569 969 2634 est
1000 2572 1039 2632 ab
1069 2565 1198 2631 illicitis

84 2649 153 2720 suia
175 2651 324 2718 motibus
346 2655 537 2742 prohiberi,
562 2679 606 2722 oe
628 2661 670 2720 ad
692 2656 794 2720 linem
816 2657 893 2720 suae
915 2675 956 2716 cu
983 2649 1110 2733 iditatis
1126 2649 1198 2733 pos-

85 2731 126 2796 sit
153 2737 340 2819 pervenire.
385 2741 461 2803 Hoc
492 2755 604 2804 autem
638 2739 735 2813 dico,
774 2761 818 2803 ne
853 2676 1026 2802 beatisimi
1047 2731 1199 2830 Dionysii

83 2817 304 2906 Areopagitae
327 2821 519 2886 auctoritati
541 2823 682 2888 resistere
704 2821 838 2896 videar,
862 2819 920 2906 qui
944 2839 1013 2883 non
1036 2818 1196 2914 salumin
1271 2818 1278 2838 '

85 2897 198 2986 aliqua
221 2917 341 2970 natura
362 2907 419 2970 seu
442 2904 617 2970 substantia
658 2928 790 2980 ,verum
814 2903 913 2966 etiam
940 2902 974 2966 in
997 2901 1198 2997 rrullrenrr'ra-

87 2979 306 3053 tionabilibur
328 2987 538 3054 rationabilia
560 3003 699 3053 naturae
721 2987 896 3052 affectibus
914 2986 1038 3050 malurn
1056 2983 1132 3046 srnrt
1148 3003 1198 3044 rn-

86 3067 217 3145 veniri,
253 3070 309 3135 scu
343 3073 452 3157 aliqua
479 3071 608 3136 ratione
630 3071 782 3137 concedi.
829 3069 966 3134 Nullum
990 3065 1079 3130 enim
1100 3063 1198 3161 ratio·

84 3149 209 3218 nubilio
241 3171 411 3220 creaturae
434 3155 555 3232 vitium
580 3155 639 3230 est,
673 3158 763 3240 quod
785 3175 854 3218 non
878 3153 914 3215 in
937 3149 1048 3236 aliqua
1068 3148 1196 3212 irratio·

84 3234 191 3298 nabili
220 3240 349 3304 bonum
371 3239 430 3312 stt.
468 3237 611 3322 ideoque
635 3239 726 3323 quod
748 3237 872 3321 ubique
895 3231 1103 3322 prohibitum
1126 3253 1196 3294 non

84 3319 279 3398 invenitur,
311 3322 367 3386 sed
396 3319 432 3385 in
466 3321 578 3406 aliquo
613 3320 649 3384 in
681 3341 721 3384 eo
753 3319 789 3382 in
822 3337 889 3404 quo
911 3315 1108 3403 prohibetur
1128 3333 1198 3410 non

85 3403 231 3478 malurn,
256 3403 312 3470 sed
333 3403 491 3468 illicitum
515 3403 628 3469 vocari
651 3424 670 3467 o
698 3417 795 3482 ortet.
826 3405 869 3464 Et
893 3415 931 3462 ut
953 3401 994 3464 de
1016 3402 1218 3466 haerebo·
1241 3455 1246 3478 p

87 3507 133 3548 ne
155 3507 262 3570 pauca
284 3486 538 3552 introducamur
561 3428 721 3572 exempla,
746 3481 898 3570 superbia
924 3486 975 3556 (ut
996 3481 1043 3546 ait
1059 3483 1097 3544 B.
1116 3477 1195 3542 Dio·

86 3569 200 3650 nyfiue
227 3570 480 3670 ,Gregoriuaque
510 3572 720 3655 Theologue)
750 3568 787 3631 in
810 3586 897 3653 equo
920 3567 1048 3661 bonum
1070 3563 1129 3660 esi,
1160 3559 1197 3626 iu

83 3652 227 3718 homine
245 3676 325 3720 vero
347 3651 505 3720 illicitum
528 3668 562 3716 et
583 3650 839 3718 inconveniens.
883 3649 1052 3720 Ferocrtae
1074 3668 1111 3710 ιιι
1131 3645 1195 3742 lep·

82 3758 130 3802 ne
163 3738 293 3812 bonum
313 3737 395 3811 est,
436 3735 478 3800 et¹
500 3736 569 3800 line
599 3757 664 3822 qua
685 3738 739 3800 leo
763 3731 830 3799 dici
853 3751 923 3796 nou
948 3728 1074 3816 potest,
1107 3743 1197 3802 matre

87 3816 182 3886 enirn
202 3821 256 3886 leo
274 3841 348 3888 anon
373 3819 441 3894 est,
462 3819 594 3906 perdita
616 3817 776 3915 qualitate
797 3812 941 3880 naturali
955 3835 969 3911 a·
995 3810 1063 3898 ipsa
1087 3826 1196 3887 autem

84 3899 246 3968 ferociter
277 3902 315 3970 in
335 3921 456 3973 nature
473 3900 670 3972 rationabtli
691 3899 813 3970 vitium
836 3899 936 3961 eli-et
958 3893 1195 3990 inconcessum.

80 3984 258 4074 spurcitia
284 4009 465 4072 porcorum
495 3985 540 4053 est
572 3981 837 4071 propriuma'in
870 3979 1009 4044 homine
1030 3979 1199 4071 alienorae

18 4117 20 4121 ,
84 4085 123 4136 et
158 4066 296 4148 baebia.
327 4091 413 4158 quae
442 4073 523 4138 dum
543 4065 712 4140 iubenti·
733 4064 1000 4138 considerantur,
1036 4060 1198 4130 naturalia
