2948 4978
514 147 920 268 mrumst
1161 190 1216 264 uo

54 427 57 436 Δ
97 367 204 436 modo
223 363 395 453 corporeis
415 365 561 438 lenfibur
581 367 808 438 lucunmbunt
826 387 1108 450 oonnumoeatnrr
1141 393 1236 450 eon,

95 473 178 600 pora
207 469 311 530 vero,
350 451 376 518 fi
405 451 549 519 lentibus
576 475 648 520 non
678 454 931 542 percipiuntur,
970 479 1012 526 co
1055 478 1212 534 uranon

109 550 194 601 unte
225 555 344 602 nonne
375 536 473 600 datur
500 541 593 627 quod
620 540 716 604 loeuu
742 561 814 606 non
834 540 875 606 lit
895 561 1017 629 eorpus
1070 562 1213 630 corpora

96 617 189 684 enim
219 617 298 684 dieo
329 637 416 705 quae
448 641 488 686 ex
515 619 611 688 coitu
639 637 785 709 quatuor
813 623 935 690 mundi
967 627 1212 692 elementorum

96 699 339 768 conficiuntur.
382 703 469 768 Nam
502 719 647 791 quatuor
673 704 796 770 mundi
816 707 998 786 elementa,
1037 712 1118 774 dum
1139 729 1212 775 eor·

95 807 177 871 pora
204 784 272 850 fiu‘t
291 805 352 870 per
373 785 496 872 seipsa
518 786 677 863 discreta,
704 788 869 854 ineffabili
893 791 950 856 sua
970 791 1115 858 naturali
1136 793 1211 858 lub-

96 867 220 932 tilitate
240 882 343 964 argue
363 869 511 954 puritate
533 893 670 937 omnem
690 872 823 938 senium
843 875 1020 941 mortalem
1040 874 1209 974 superant.

94 951 197 1018 Aliud
227 972 320 1015 emm
349 973 428 1038 ergo
458 955 574 1030 locut,
606 970 641 1021 et
662 955 755 1021 aliud
774 977 910 1044 corpur.
953 959 1006 1022 dn
1028 956 1091 1022 tibr
1114 956 1211 1022 aliter

94 1033 260 1098 ridetur‘l
291 1037 333 1098 D.
356 1035 458 1101 Nullo
480 1035 599 1102 modo!
637 1042 776 1104 ethaeo
822 1039 959 1106 ostrema
979 1039 1210 1106 ratiocinatio·

94 1117 149 1182 nie
181 1115 311 1181 nostrae
342 1119 511 1184 conclusio
543 1143 774 1210 nequaquam¹
808 1122 862 1188 nit
885 1128 1071 1197 concedere
1094 1126 1210 1190 locum

93 1215 129 1265 et
154 1220 282 1284 corpur
311 1199 413 1264 unius
441 1201 572 1289 generis
598 1206 671 1269 elle.
714 1207 781 1272 Sed
814 1209 909 1305 quod
936 1206 1211 1294 interpolituma

94 1298 127 1348 te
152 1282 278 1358 rideo,
310 1281 359 1346 nil
387 1283 480 1352 aliud
509 1286 572 1350 elle
600 1288 773 1354 materiem
799 1289 964 1356 risibilem
996 1291 1124 1355 formae
1153 1292 1210 1354 ad·
1330 1310 1333 1319 '
1436 1349 1441 1356 .

92 1369 245 1464 junctam
275 1369 289 1445 (
301 1366 463 1464 quicquid
493 1368 585 1434 enim
606 1387 766 1458 apparet,
826 1395 862 1438 er
882 1374 1026 1440 formam
1047 1379 1210 1461 apparet)

91 1450 154 1514 nib
182 1449 413 1515 accidentium
435 1457 647 1538 quorundam
669 1397 887 1533 concutiam,
921 1477 993 1522 non
1014 1479 1134 1544 parum
1153 1475 1210 1534 me

92 1548 222 1600 movet.
265 1534 315 1596 Μ.
340 1535 419 1599 Νοιι
443 1551 476 1599 te
497 1553 641 1604 moreat.
684 1540 771 1603 Nam
790 1553 830 1602 ut
852 1537 944 1616 dixi,
966 1561 1108 1628 magunt
1130 1541 1211 1604 Gre-

92 1613 1210 1778 rtfltldlllb⁵5:21⁵iit?lrlssnimldlfflltl‘zffit
1265 1625 1269 1636 ⁸

90 1784 240 1846 denturrn
271 1785 436 1878 peraridum
464 1784 748 1877 compofitionem,
788 1813 832 1854 em
858 1793 930 1854 invi
944 1701 1075 1856 tlfft'dm
1103 1783 1211 1884 carofi«

90 1868 138 1933 ad
166 1865 331 1959 visibilem
363 1873 535 1935 materiam
564 1873 805 1954 procedentem.
833 1875 921 1950 ‚Nec
949 1873 1139 1940 immeritor
1172 1871 1210 1938 oi

91 1949 187 2016 enim
216 1949 384 2036 corporali
412 1951 494 2030 huic
522 1953 682 2020 materiae
711 1955 914 2044 solubilique
940 1959 1105 2044 quaedam
1137 1955 1210 2020 lim·
1266 1982 1271 1990 ’

89 2036 171 2134 plex
198 2049 300 2120 atque
331 2033 550 2103 immutabilia
572 2037 727 2115 edentia,
763 2055 798 2104 et
817 2042 913 2114 nullo
933 2043 1037 2106 modo
1059 2037 1210 2104 solubili·

89 2117 229 2192 rnellet,
260 2119 355 2182 nulla
383 2119 516 2186 ratione
545 2123 706 2188 nullane
737 2123 871 2190 actione
898 2123 1037 2210 penitus
1067 2123 1210 2188 solvere·

90 2217 159 2266 tur.
202 2205 276 2265 lam
307 2223 387 2266 vero
419 2203 569 2270 soluitur.
612 2144 670 2270 Nb
701 2203 807 2292 igitur
836 2204 869 2270 ei
890 2205 1070 2276 insolubile
1090 2203 1207 2270 rubeo„

89 2285 180 2350 Nam
213 2307 336 2371 genera
367 2302 402 2350 et
430 2286 555 2372 speclea
588 2302 623 2352 et
645 2303 761 2354 atoma
781 2304 960 2376 propterea
979 2289 1109 2387 semper
1131 2289 1211 2353 [unt

89 2390 130 2434 ac
157 2383 380 2454 permanent,
413 2369 492 2467 quia
522 2370 606 2435 inest
636 2369 682 2434 eis
706 2371 835 2458 aliquid
857 2395 966 2438 unum
988 2369 1209 2438 individuum

90 2453 187 2550 quod
216 2451 301 2516 lolvi
327 2469 467 2540 nequit,
498 2476 609 2544 neque
631 2454 767 2520 destrui:
801 2457 874 2554 lpla
895 2477 1032 2544 quoque
1055 2451 1209 2521 accidun-

91 2551 139 2599 tta
161 2551 342 2620 propterea
363 2535 400 2599 in
421 2536 478 2600 lua
495 2554 615 2612 natura
626 2535 882 2602 immutabiliter
896 2547 1107 2626 permanent,
1129 2533 1209 2625 quia

92 2617 254 2684 omnibus
285 2619 334 2683 eie
362 2641 469 2682 unum
502 2619 662 2708 quiddam
683 2620 901 2689 individuum
921 2621 1041 2698 subest,
1078 2619 1116 2686 in
1139 2641 1207 2708 quo

90 2701 293 2768 naturaliter
313 2701 427 2766 omnia
448 2725 556 2768 unum
576 2704 772 2780 subsistunt.¹

154 2799 210 2864 37.
231 2789 274 2848 D.
299 2785 356 2850 Nil
378 2785 490 2850 verius
512 2801 551 2850 ut
571 2785 730 2850 arbitror:
755 2801 854 2870 atque
876 2798 915 2848 ut
932 2787 1140 2870 praesentem
1156 2783 1208 2851 im·

90 2867 309 2956 quisrtionem
338 2871 519 2933 concludar
554 2885 706 2955 expecto.
752 2869 802 2954 M.
841 2867 935 2952 Quid
961 2869 1057 2932 restat
1085 2865 1148 2930 nisi
1167 2880 1208 2930 ut

91 2952 265 3028 dicamur,
296 2951 390 3016 verbi
417 2950 543 3039 gratia,
580 2955 660 3015 dum
690 2950 845 3016 ridemur
874 2970 913 3014 co
957 2971 1014 3016 ora
1040 2950 1148 3014 nostra
1168 2947 1207 3012 in

93 3038 157 3100 bac
191 3051 280 3101 terra
309 3033 502 3110 constituta,
534 3037 589 3098 vel
617 3038 683 3098 hoo
703 3055 777 3097 aere
798 3032 867 3097 circ
942 3033 1017 3109 ula,
1044 3031 1094 3098 nil
1116 3028 1210 3098 aliud

94 3117 156 3182 nili
178 3139 322 3203 corpora
342 3117 377 3182 in
400 3115 596 3204 corporibus
619 3117 706 3181 effe?
741 3119 869 3181 Eadem
888 3115 1021 3184 ratione
1040 3115 1148 3205 pilceu
1168 3112 1207 3180 in

94 3201 278 3300 fluctibus,
300 3203 454 3297 planetae
477 3199 514 3264 in
537 3205 688 3299 aethere,
719 3201 799 3298 astra
820 3199 856 3264 in
878 3199 1112 3301 firmamento,
1135 3217 1207 3264 cor·
1322 3257 1325 3288 Ι

95 3285 583 3441 tt‘fussldlttlf'tltlt
603 3305 805 3442 stilti,
820 3279 1208 3464 ”lllllltullit't

95 3454 187 3518 llaec
208 3451 302 3513 enim
323 3449 437 3514 omnin
459 3448 632 3524 sensibilia,
653 3449 738 3514 ficut
759 3449 860 3514 etiam
878 3444 1116 3546 intelligibilia,
1139 3445 1207 3510 lule

96 3533 244 3630 propriis
272 3530 381 3610 lucie,
415 3533 453 3598 id
484 3532 549 3609 est,
583 3531 791 3598 naturalibus
813 3529 1079 3598 diffinitionibur
1101 3527 1210 3604 eonti-
1276 3613 1280 3622 ¹

99 3639 171 3682 uera
204 3637 285 3680 vera
310 3617 396 3682 ratio
418 3620 548 3682 edocet.
682 3631 683 3634 ’

151 3711 209 3780 ,aa
238 3703 282 3763 D.
311 3701 384 3764 Nec
412 3697 495 3765 huic
516 3695 723 3764 conclusioni
741 3695 865 3773 resisto,
895 3697 977 3762 dum
998 3715 1072 3760 earu
1091 3713 1205 3758 veram

101 3783 160 3848 elle
180 3781 304 3848 rideo:
332 3782 390 3850 led
409 3783 506 3848 valde
526 3781 631 3855 miror
652 3802 711 3844 cur
732 3779 770 3844 in
791 3801 1008 3844 communem
1028 3777 1126 3844 ulum
1145 3778 1231 3840 hn-l
1253 3843 1255 3853 ,

98 3888 222 3940 manue,
244 3865 337 3930 ritae
364 3863 540 3952 pervenit,
570 3878 610 3930 ut
637 3861 752 3930 omnia
781 3865 865 3929 haec
885 3883 1027 3950 corpora
1045 3861 1111 3928 srva
1130 3881 1207 3930 eoe-

99 3949 204 4028 lestia,
237 3950 305 4014 live
336 3949 439 4029 aeria,
469 3949 539 4016 five
567 3945 740 4037 aquatica,
769 3947 1007 4024 livetenena',
1036 3942 1208 4010 minorum

101 4031 187 4102 iutra
219 4031 254 4100 [e
282 4053 463 4122 corporum
491 4035 568 4101 loca
596 4033 658 4098 elle
680 4029 791 4132 diepre
811 4031 1021 4098 consuescite
1052 4025 1209 4116 quemad·

102 4123 242 4188 modum
268 4116 321 4184 nil
346 4116 441 4188 aliud
462 4118 524 4186 effe
545 4117 693 4186 rellimat
712 4113 830 4212 ouoluv
850 4130 981 4204 praeter
1000 4115 1068 4180 boc
1084 4130 1210 4198 corpur
