2854 4978
49 292 58 326 l

273 221 355 297 228
451 335 455 346 ¹
592 226 646 296 sle
666 223 847 296 Dmitim
867 224 1041 297 noerae.

277 410 482 484 marteine,
505 424 540 476 et
558 404 679 496 pedes,
703 413 769 476 hoc
791 409 835 478 eli
855 409 1071 476 altitudinem
1093 409 1225 477 diuinam
1244 409 1364 478 virtutis

268 493 420 571 ‘intueri3
436 492 527 558 entia
544 492 643 581 super
664 514 801 560 omnem
823 491 994 562 c'onditam
1016 509 1168 562 naturam
1191 510 1224 561 et
1242 497 1366 582 prosun-

277 579 417 647 ‹litatem
439 577 539 664 ipsrut
560 577 597 644 in
619 576 672 645 hie
718 599 779 644 uae
801 599 975 665 peream,
998 593 1033 643 et
1052 577 1100 643 in'
1114 601 1151 644 ea
1172 582 1213 643 de
1234 601 1270 644 ea
1290 580 1364 643 saeta

275 665 364 728 sunt.
407 664 486 725 Non
517 676 629 726 tamen
653 601 808 726 deluunt
829 663 942 728 volare
963 663 1232 730 sursumrersut.
1273 663 1366 806 Puta·

274 762 358 812 runt
386 744 477 810 enim
506 744 635 831 semper
666 760 831 831 quantum
862 747 997 834 possunt
1019 745 1134 810 divina
1157 744 1261 833 gratia
1292 746 1368 810 uble

275 845 373 906 vata,
395 829 462 894 stre
483 845 623 894 naturae
643 828 826 894 subtilitate
848 851 886 894 ea
908 851 993 916 quae
1013 829 1114 917 supet·
1130 829 1165 894 se
1179 830 1261 895 *sunt
1276 826 1310 896 iu
1328 827 1369 894 iu·

274 912 412 980 finitum
434 910 641 1000 appetentia.
677 911 743 976 Ubi
764 927 876 978 autem
900 913 1079 987 deficiunt,
1102 927 1290 977 reverenter
1310 909 1369 978 rti-

275 1011 330 1062 tua
352 997 447 1071 suos.
471 998 538 1062 hoc
559 997 621 1070 eli,
645 995 943 1082 contemplationis
966 996 1071 1062 aciem
1094 997 1211 1062 divino
1231 993 1369 1064 radiare-

272 1077 416 1170 percuffi
445 1080 650 1157 defendunt,
690 1094 724 1144 et
753 1082 792 1143 ab
823 1079 969 1144 introitu
997 1081 1110 1146 incom
1137 1075 1368 1156 rehenttffim

272 1163 525 1249 mystericorum
545 1164 621 1227 suos
644 1161 853 1250 theblogic'os
868 1166 989 1251 pedes,
1010 1167 1077 1229 hoc
1093 1105 1155 1235 el.
1179 1161 1370 1229 intestatus

245 1301 247 1318 .
271 1249 321 1318 les
344 1246 505 1346 ingressus
529 1243 724 1324 retrahunt,
747 1246 876 1333 nequid
896 1247 1032 1312 incaute
1054 1249 1109 1311 vel
1130 1263 1253 1313 temere
1274 1241 1370 1310 dein

275 1331 465 1397 effabihbus
505 1349 711 1480 οιιιιιειιιἩιειΔ
747 1329 960 1396 intellectum
995 1330 1228 1418 superantibus
1254 1325 1371 1414 ,praesu-

274 1431 380 1480 mant.
410 1413 447 1480 Si
468 1435 547 1502 ergo
569 1412 646 1500 puri
670 1411 734 1479 rmi
754 1412 947 1479 intellectus
970 1435 1113 1499 quorum
1136 1413 1282 1497 symbola
1295 1429 1372 1496 prae·

277 1497 378 1564 dictis
408 1494 609 1562 animalibus
632 1497 803 1584 theologia
824 1496 1012 1586 praemisit,
1045 1497 1136 1562 inter
1157 1517 1241 1584 quos
1264 1509 1296 1558 et
1314 1509 1373 1556 ver·

144 1602 148 1616 ·
273 1584 357 1646 burn
378 1581 472 1646 nulla
492 1580 656 1647 medietas
677 1581 721 1645 est
741 1597 873 1667 praeter
895 1580 1048 1649 omnium
1065 1603 1181 1648 *rerum
1197 1579 1304 1646 causas
1318 1573 1372 1669 pri·

273 1662 473 1740 mordiales,
507 1664 781 1733 excelsitudinem
816 1663 953 1731 divinae
975 1663 1135 1729 claritatis
1157 1664 1255 1750 super
1274 1675 1372 1725 omntt
1415 1695 1416 1740 3

273 1749 433 1834 fusaeque
461 1745 498 1811 in
532 1747 647 1814 omnia
668 1746 803 1812 virtutis
826 1763 860 1813 et
888 1746 1072 1834 sapientiae
1091 1770 1111 1812 a
1132 1747 1261 1813 summo
1280 1759 1372 1828 usque

276 1832 432 1896 deorsum
455 1831 677 1920 attingentis,
711 1853 729 1895 a
751 1831 820 1895 fine
840 1853 947 1919 usque
970 1835 1011 1896 ad
1033 1831 1156 1906 linem,
1178 1833 1245 1895 hoo
1265 1826 1320 1902 est,
1339 1823 1373 1886 ab

274 1914 377 1980 initio
412 1913 651 1980 intellectualis
685 1929 856 1979 creaturae
878 1937 983 2002 usque
1009 1917 1052 1980 ad
1071 1913 1374 1994 vermiculum-per·

224 2041 231 2048 ·
274 1995 456 2067 umescant
481 1997 666 2085 inspiceret
703 2015 948 2084 cognoscentes
966 2015 1109 2077 naturae
1130 1999 1210 2063 suae
1230 1989 1375 2082 capacita-

273 2095 344 2147 tem
366 2084 517 2152 ad.haeo
534 2082 772 2148 consideranda
792 2103 863 2146 non
886 2080 1055 2158 sufficere;
1090 2081 1261 2168 quid'not
1281 2076 1375 2141 adbuc

273 2185 375 2232 earne
396 2165 527 2254 gravati
549 2167 591 2231 de
608 2163 724 2228 divina
732 2164 938 2310 prudentia,
961 2181 998 2230 et
1014 2165 1213 2253 operatione
1225 2159 1375 2229 rationem

273 2247 623 2319 reddererconamurt
646 2246 711 2311 Ubi
748 2249 800 2312 ola
824 2247 939 2312 divina
960 2250 1119 2313 voluntas
1141 2246 1317 2334 cogitanda
1329 2239 1374 2310 est,

243 2373 245 2378 ·
273 2353 361 2418 quae
392 2343 550 2418 operatur
582 2330 696 2396 omnia
728 2347 833 2416 prout
853 2333 946 2407 vult,
983 2333 1046 2418 qui,
1064 2329 1311 2418 omnipraesens
1330 2321 1376 2396 cll»

273 2419 309 2480 et
341 2418 510 2482 naturales
540 2412 692 2479 rationes
728 2416 892 2489 occultas,
939 2430 972 2478 et
1000 2413 1254 2503 investigabiles
1275 2403 1377 2502 inserit
1415 2433 1416 2466 ι

274 2498 454 2576 omnibus,
488 2495 741 2595 quieomnium
764 2498 1022 2595 supernaturalis
1043 2499 1131 2564 ratio
1153 2497 1216 2574 esi,
1243 2492 1318 2594 quia
1334 2509 1375 2587 ιιι
1415 2515 1416 2532 ι

272 2581 327 2654 bil
345 2581 521 2657 secretius,
539 2582 630 2647 -ntbrl
652 2582 875 2666 praesentium
900 2581 1036 2646 difficile
1058 2581 1197 2656 ubisit,
1223 2576 1374 2644 drffiorhus
1415 2645 1416 2666 χ

272 2665 334 2730 ubi
356 2686 429 2730 non
450 2663 499 2729 lit.
530 2667 605 2731 Lux
624 2662 807 2729 ineffabilis
831 2663 989 2729 omnibus
1008 2663 1294 2730 intellectualibus
1309 2675 1375 2722 ocu·

271 2748 324 2816 lia
335 2747 465 2834 semper
485 2747 656 2834 praesens,
684 2764 718 2811 et
739 2770 757 2812 r
773 2749 869 2814 nullo
886 2747 1064 2813 intellectu
1080 2746 1298 2837 cognoscitur
1307 2737 1376 2828 quid

272 2831 333 2930 [133
354 2829 552 2918 peremnia
574 2829 692 2894 diffusa
713 2831 750 2894 in
773 2830 967 2904 inlinitum.
991 2846 1026 2895 et
1041 2832 1080 2896 fit
1097 2829 1134 2896 in
1153 2829 1308 2897 omnibus
1318 2843 1376 2888 om·
1415 2853 1416 2882 ι

272 2936 345 2988 nra,
370 2930 405 2984 et
424 2914 461 2980 in
483 2915 579 2978 nullo
599 2914 744 2978 nullum.
789 2916 893 3001 Quod
914 2930 1027 2978 autem
1050 2913 1122 2979 dixi
1143 2915 1235 2980 inter
1256 2928 1332 3000 quos
1347 2917 1374 2970 tt

272 3000 413 3061 verbum
435 2998 529 3062 nulla
547 2994 710 3060 medietas
733 2997 793 3072 est,
815 3013 947 3084 praeter
963 2997 1119 3062 omnium
1133 3019 1247 3063 rerum
1260 2991 1373 3060 causasl
1415 3003 1416 3012 ’

723 3079 776 3144 uia
809 3080 956 3147 aestimet
977 3082 1132 3146 coelestes
1157 3077 1308 3146 essentias
1326 3073 1376 3138 im·

272 3094 452 3225 propterea
480 3075 596 3142 addidi
627 3099 671 3141 ne
699 3101 724 3226 p

272 3183 328 3226 me
353 3175 436 3226 ratas
466 3161 548 3237 esse,
579 3163 647 3225 hoc
679 3183 698 3225 e
729 3210 740 3240 ‚
768 3164 897 3228 nullam
926 3163 1145 3230 medietatem
1174 3164 1264 3229 inter
1291 3161 1321 3224 se
1347 3168 1375 3217 et

164 3269 190 3297 ’ν
274 3244 407 3310 causam
429 3243 584 3310 omnium
604 3245 739 3310 habere.
771 3245 933 3330 Quamvis
956 3262 1069 3312 autem
1092 3248 1251 3314 dleantur
1272 3235 1375 3336 tngqli

272 3327 365 3476 puali
387 3327 518 3476 epgigi,
554 3330 622 3392 hoc
652 3329 713 3405 est,
746 3332 838 3406 iuxta
865 3329 1042 3395 dominum
1064 3331 1177 3417 ipsum
1199 3327 1373 3402 constitum
1415 3397 1416 3400 Ἴ

304 3410 377 3499 ggis
423 3413 560 3498 quidem
583 3413 710 3476 Graece
732 3411 857 3477 dicitur
876 3417 990 3494 juxta,
1025 3435 1096 3478 non
1122 3431 1236 3480 tamen
1258 3413 1375 3476 stacte

272 3493 379 3560 dendi
399 3495 478 3560 sunt
499 3493 601 3570 sacti,
624 3510 754 3559 utnon
778 3515 894 3561 eorum
916 3496 1032 3562 causae
1045 3496 1082 3562 in
1100 3501 1208 3564 verbo
1224 3491 1375 3564 concine
1415 3501 1416 3508 ³

269 3580 373 3644 Nulla
401 3577 493 3643 enim
524 3591 676 3642 creatura
710 3577 753 3642 eli
774 3583 870 3658 eujus
892 3582 987 3644 causa
1010 3581 1099 3646 sacta
1120 3603 1194 3648 non
1216 3575 1376 3670 praecedat

270 3660 308 3728 in
329 3663 455 3737 verbo,
478 3661 665 3726 secundum
685 3682 787 3748 quam
808 3662 1034 3739 substituitur,
1059 3680 1099 3728 ut
1118 3665 1178 3741 fit,
1205 3678 1240 3730 et
1262 3661 1375 3728 ordme-

270 3744 1376 3900 ‘¹¹¹’tttltlztlattdsttllttntttt‘tttlstitis

270 3847 381 3975 ffil,
409 3909 512 3997 ipsius
540 3908 643 3974 unius
670 3873 804 3986 causae,
843 3931 883 3976 ex
931 3933 993 3988 ua,
1023 3929 1058 3978 et
1087 3912 1125 3980 in
1155 3935 1242 4004 qua.
1277 3925 1310 3978 et
1327 3923 1377 3994 per

270 4015 394 4080 quam,
409 4002 413 4008 '
429 4008 464 4058 et
490 3994 533 4058 ad
563 4015 682 4080 quam,
717 3993 856 4062 condita
884 4015 901 4060 e
987 3995 1179 4072 Credamus=
1208 3998 1321 4093 itaque
1349 3998 1376 4050 et
1415 3999 1416 4014 ¹

270 4091 438 4177 quantum
462 4079 560 4144 datur
581 4077 709 4178 mentis
726 4076 800 4144 acie
818 4076 1031 4180 intueamurt
1053 4081 1170 4148 omnia
1190 4075 1330 4148 visibilia
1349 4081 1376 4134 tt

270 4159 468 4238 rnvrsrbrha,
488 4177 623 4226 retenta
643 4175 680 4228 et
697 4165 950 4250 mtemporalm
972 4161 1126 4254 illudque
1142 4179 1327 4234 anetum
1346 4163 1376 4218 et
