2942 4976
403 153 849 310 nrm,-
977 214 1185 332 ‚m

81 411 242 513 gusnpeia,
255 412 298 476 de
313 410 490 512 honestata
509 411 664 520 corporib-
683 409 879 514 uiribusque
900 415 942 474 et²
955 410 1112 510 sanitate,
1143 411 1186 477 de

80 499 196 668 :stt
209 509 358 652 dili?
374 497 425 643 i?
436 495 821 729 abbatissis?
831 495 1188 664 astusastus

8 667 10 686 '
81 686 153 728 mm
173 661 365 762 affluentia}
400 677 440 726 ut
459 681 530 726 uon
553 663 661 728 dicam
708 660 914 762 edigrt'ltt'te
935 659 1186 736 et'honoribua,

81 761 285 834 ceteraeque,
309 748 434 833 quibua
452 749 598 812 mundar
619 746 680 826 iste,
699 751 841 822 mndata
863 745 1055 810 intantum
1075 759 1115 806 ut
1130 763 1188 842 op-

80 830 183 894 tarint
214 846 378 918 perpetuo
408 830 451 894 sac
470 829 603 905 rivere,
634 829 722 896 nihil
745 834 794 896 de,
809 828 1035 914 spiritualibus
1058 821 1187 893 delicata
1260 881 1262 886 .
1384 859 1388 874 ·

84 913 199 979 audire
220 915 274 979 vel
297 912 445 1002 cogitare
465 915 629 978 volenter.
673 917 724 980 Ad
744 913 974 998 hunc'ltaqua
990 911 1107 975 ilatum
1119 909 1190 998 pri·

81 1019 213 1062 morum
246 997 424 1062 hominum
447 1011 525 1062 ante
546 994 725 1073 delictum,
755 999 823 1062 hoc
844 995 887 1061 est
908 999 949 1060 ad
970 995 1037 1059 sola
1058 1006 1190 1063 natura'·

80 1081 124 1144 lia
145 1084 236 1146 bona
258 1083 383 1168 absque
403 1079 569 1164 virtutum
587 1081 812 1157 ornamentis,
836 1077 1121 1166 partem'humani
1136 1081 1190 1166 ge·

82 1164 173 1229 ucria
193 1185 314 1240 unam,
345 1186 430 1251 quae
452 1180 533 1253 typo
555 1166 721 1229 fatuarum
745 1165 871 1252 quippe
893 1161 1191 1250 virginum'confi·

16 1319 21 1326 ‚
82 1263 236 1334 geratur,
268 1249 508 1327 reversuram·
525 1249 567 1313 ad
588 1248 692 1336 ipsam
714 1269 796 1313 vero
820 1247 1108 1321 excelsitudinem,
1148 1247 1191 1310 ad

81 1351 181 1418 quam
201 1334 323 1406 homo,
348 1332 372 1396 si
392 1353 464 1396 non
485 1349 658 1419 peccaret,
676 1333 874 1398 ascensurus
895 1331 990 1406 esset,
1012 1333 1079 1394 boc
1094 1329 1191 1394 estad

81 1413 377 1501 participationem
398 1418 545 1480 summae
567 1415 751 1503 sapientiae
772 1415 993 1501 omniumque
1013 1413 1191 1490 virtutum,

82 1519 182 1585 quarn
203 1497 498 1596 participationem
523 1499 616 1573 dico,
640 1499 866 1565 deificatioet
881 1489 1124 1584 contemplatio
1135 1517 1192 1561 ve·
1297 1561 1308 1590 5

8 1619 9 1622 =
81 1582 190 1648 ritatia
217 1581 389 1667 sequatur,
425 1585 561 1648 alteram
591 1587 759 1648 humanae
785 1581 1029 1648 numerositatis
1050 1596 1191 1668 partem,

83 1671 179 1747 cuju'a
210 1665 398 1747 symbolum
432 1665 475 1730 est
498 1667 671 1754 quinarius
692 1665 912 1754 prudentium
935 1666 989 1730 vir
1014 1665 1108 1729 'num
1130 1685 1193 1728 nu·

82 1769 211 1823 merua,
242 1747 484 1814 sublimandam
514 1752 600 1815 ultra
629 1751 744 1832 omnia
766 1754 855 1817 bone
877 1764 995 1815 natura
1010 1749 1061 1822 ia,
1096 1751 1193 1812 etad

82 1828 270 1918 spiritualea'
297 1831 434 1920 nuptiae
464 1835 572 1920 sponsa
604 1834 654 1898 sui
676 1835 713 1898 in
736 1851 889 1900 naturam
910 1851 980 1898 non
1003 1832 1193 1918 incongrue

83 1917 303 2001 exislimatur3
338 1917 381 1980 ad
410 1936 490 2004 quaa
513 1939 614 1982 nemo
635 1916 894 1991 intromittitur,
925 1916 988 1982 nisa
1010 1913 1196 2002 sapientiae

82 2001 159 2066 luce
172 2000 355 2088 refulgent,
381 1999 558 2087 divinique
574 2001 696 2066 amoris
713 1999 1037 2066 inflammationibus
1055 1999 1193 2075 ardene;

82 2103 168 2169 quae
190 2087 277 2158 duat
301 2082 498 2170 sapientiam
521 2084 598 2151 dico
623 2101 658 2148 et
680 2086 904 2159 charitatem,
917 2081 1128 2171 pinguedine
1151 2082 1195 2145 sa·

82 2167 233 2250 pientiae
255 2183 289 2231 et
310 2166 454 2233 actionia
475 2168 694 2245 nutriuntur;
730 2171 827 2234 etad
849 2189 902 2233 eae
922 2191 969 2233 nu
999 2166 1060 2231 tiaa
1081 2166 1196 2230 nullua

83 2249 244 2314 scientiae
274 2265 308 2312 et
333 2251 478 2318 actionis
506 2272 641 2338 expera,
675 2253 827 2338 quamvis
857 2191 1066 2316 naturalibus
1094 2248 1196 2314 honia

84 2331 302 2420 integerrime
333 2349 367 2396 et
396 2335 622 2422 pulcherrime
654 2334 823 2410 floruerit,
858 2334 978 2400 fi'nitur
1007 2334 1195 2408 ascendere,

8 2475 10 2478 .
85 2415 143 2480 sed
175 2414 316 2486 omnino
347 2418 386 2480 ab
416 2417 464 2482 eia
494 2417 684 2483 secluditur,
728 2419 806 2482 Non
844 2417 935 2480 enim
966 2415 1049 2480 illuc
1077 2431 1197 2479 natura
1242 2412 1248 2423 '

85 2501 269 2582 humanam
298 2515 448 2564 mentem
480 2501 649 2574 sublevat,
684 2501 739 2564 sed
761 2500 866 2586 gratia
888 2514 922 2563 et
943 2497 1109 2562 mandatis
1131 2497 1198 2562 Dei

85 2583 301 2650 obedientiae
321 2582 528 2669 puriffimae,
561 2598 724 2670 quantum
747 2581 783 2646 in
806 2585 870 2647 hac
890 2581 960 2646 vita
983 2585 1099 2656 datur,
1131 2579 1196 2646 Dei

86 2689 147 2752 per
178 2667 308 2732 literam
338 2683 372 2730 ct
403 2683 586 2732 creaturam
622 2665 828 2754 cognitionis
849 2663 1007 2730 meritum
1032 2663 1195 2729 subvehit.

86 2755 222 2816 lntuere
250 2751 366 2839 itaque
395 2755 496 2830 hujua
525 2752 702 2838 parabolae
731 2749 935 2827 medullam,
971 2765 1006 2813 et
1026 2749 1197 2835 quomodo

87 2835 264 2899 transitum
286 2833 369 2899 facit
390 2837 576 2920 degenere
598 2838 638 2898 ad
661 2835 825 2922 speciem,
855 2835 1138 2934 quemadmodum
1160 2831 1197 2896 in

85 2919 235 3014 praefata
265 2921 421 3006 parabola
452 2921 493 2981 de
527 2922 659 2984 duobua
688 2918 767 2984 filiis
787 2932 892 3004 patna
914 2916 963 2980 sui
986 2914 1198 2980 substantiam
1233 2990 1236 2998 ‚

86 3018 178 3067 anter
209 3003 241 3066 se
271 3001 507 3087 partientibus.
552 3007 591 3066 ln
614 3023 651 3065 ea
673 3001 833 3090 liquidem
857 2999 962 3065 totiua
985 2999 1116 3086 generis
1138 3001 1199 3062 hta·

87 3085 181 3150 mani
209 3085 372 3171 generalia
402 3083 530 3150 aeditua
583 3085 687 3162 rimo,
720 3085 844 3151 deinde
872 3084 1023 3170 specialia
1054 3080 1199 3148 Gentilia

87 3169 208 3255 populi
230 3171 479 3234 conformatur:
503 3170 540 3233 in
559 3109 625 3234 fiac
647 3184 758 3234 autem
772 3167 991 3233 similitudine
1007 3189 1067 3252 per
1082 3169 1198 3232 decem

87 3251 238 3339 virginea
260 3253 394 3316 obviarn
417 3252 537 3339 sponso
560 3268 739 3328 exeuntes,
767 3249 872 3317 totiua
894 3255 1061 3316 humanae
1084 3269 1201 3314 nume·

86 3335 230 3400 rositatia
260 3335 424 3422 generalia
455 3340 497 3400 ad
526 3335 700 3422 pristinum
737 3351 877 3400 naturae
898 3334 1015 3399 statum
1036 3335 1199 3411 reversio;
1266 3407 1269 3422 Ι

87 3415 241 3502 specialia
273 3436 385 3486 autem
411 3439 473 3505 per
502 3417 653 3506 quinque
681 3423 866 3505 prudentea
887 3418 1040 3483 omnium
1062 3419 1201 3482 Sancto·
1265 3473 1273 3481 .

87 3521 174 3567 rum.
219 3501 354 3587 Speciea
385 3501 477 3566 enim
498 3502 638 3566 humani
660 3503 792 3588 generis
814 3503 858 3566 ett
880 3505 1063 3566 electorum
1085 3521 1203 3564 nume·

86 3605 162 3662 rue,
196 3607 265 3650 non
289 3585 395 3664 solum
418 3589 459 3650 ad
482 3585 660 3672 antiquum
684 3602 824 3649 naturae
845 3583 1052 3671 principium
1073 3582 1201 3648 reditur

87 3664 125 3730 in
149 3669 402 3770 generalitatem
423 3669 663 3755 humanitatia3
686 3689 803 3733 verum
827 3667 928 3732 etiam
944 3669 1030 3732 ultra
1047 3681 1201 3730 naturam

88 3747 125 3813 in
150 3754 259 3839 ipsum
281 3756 393 3816 Deum
415 3752 453 3816 in
475 3752 681 3838 specialitate
695 3751 938 3825 deificationia,
960 3749 1141 3815 ineffabilia
1151 3749 1202 3814 in·

84 3833 238 3901 finiretur
261 3837 431 3912 ascensurae
462 3835 729 3924 omnm-quippe
749 3834 786 3899 in
807 3834 1018 3922 paradisum,
1050 3849 1090 3898 ut
1109 3855 1204 3921 prae·

92 3914 256 3999 diximut',
281 3921 360 3985 sunt
381 3918 565 4009 reversuri3
587 3919 644 3984 sed
665 3941 736 3983 nou
762 3938 881 3983 omnes
902 3917 926 3983 li
952 3939 997 3983 no
1017 3915 1109 3981 vitae
1124 3918 1203 3981 sunt

91 3996 247 4078 stuiturh
280 4005 336 4068 vel
365 4018 465 4068 certe·
486 4021 609 4090 omnea·
627 4005 669 4068 de
688 3997 784 4090 ligno
804 4001 908 4067 vitae·
929 4017 994 4066 unt
1018 3998 1199 4087 accepturi,
1298 4046 1301 4072 .

91 4079 457 4188 sednon-acqualiter.
490 4089 578 4152 Nam
600 4101 634 4152 et
653 4083 819 4151 naturalia
840 4089 946 4158 bona,
972 4105 1115 4182 quorum
1132 4095 1202 4148 om·

91 4181 152 4232 nea
180 4173 368 4256 aequaliter
387 4170 568 4260 participer
591 4167 707 4248 aiunt,
740 4169 887 4236 sructutn
908 4167 993 4256 ligna
1016 4168 1106 4233 vitae
1128 4167 1200 4242 esse,
