2922 4978
307 214 385 288 are
467 233 480 244 -
642 185 1088 298 praeseminata.

332 397 505 466 licioribue
535 397 566 462 [e
595 395 631 460 in
665 397 800 463 actione
829 411 862 462 et
891 396 1114 484 intelligentia
1136 353 1282 460 fidelibus
1301 416 1340 460 ne
1358 411 1386 458 et

309 483 526 586 rplineisduem
557 479 744 583 deceptorie
765 479 892 580 insidiis
913 481 1104 626 capiuntur,
1139 477 1310 623 propalare.
1347 481 1385 543 Et

309 583 346 634 ru
376 592 409 630 tn
425 567 583 629 tdtaberzs
612 567 765 630 calcaneo
793 589 869 712 pus.
910 567 956 631 Ca
973 575 1113 628 cineum
1146 583 1287 638 murena
1314 583 1385 646 qnae

310 651 354 718 est
370 655 548 739 αισθησις,
581 669 691 713 rerum
716 651 796 712 lensi
821 647 916 713 ilium
946 647 1134 734 phantasiae
1154 657 1246 717 lunt,
1274 647 1332 706 hoc
1353 643 1387 707 est

308 736 374 800 ima
402 734 581 832 'neelquae
603 735 644 796 de
664 733 890 819 corporalibus
906 729 1053 795 numeris
1071 730 1108 792 in
1126 727 1386 814 quinque-partito

307 759 410 882 [endi
426 831 677 904 exprimuntur:
704 825 742 880 a'c
763 839 823 902 per
843 819 910 880 hoc
931 817 1123 879 calcaneum
1144 812 1228 875 illud
1249 811 1387 896 quinque·

305 901 468 990 partitum
491 901 553 964 elle
574 901 701 962 necesse
724 901 776 963 eli.
818 897 993 962 Dividitur
1014 896 1104 961 enim
1127 893 1163 958 in
1185 893 1262 982 quin
1286 912 1325 955 ue
1340 911 1388 956 no·

307 985 428 1050 tiffima
448 981 614 1047 sentiendi
632 1002 774 1070 organa,
798 982 911 1046 visum·
928 982 1024 1056 dico,
1047 979 1216 1052 auditum,
1238 915 1388 1050 alianum,

306 1068 457 1215 pullum,
489 1081 692 1211 tactumpue.
737 1067 889 1150 Quorum
919 1069 1081 1152 quaedam
1107 1065 1208 1160 longe
1230 1075 1315 1124 extra
1332 1075 1389 1121 rno-

322 1174 375 1216 em
405 1171 462 1215 cor
488 1171 598 1214 oream
635 1149 794 1214 entientis
817 1153 1064 1215 extendunturr
1096 1161 1134 1208 ut
1156 1146 1243 1208 vrlue
1265 1157 1297 1207 et
1315 1139 1389 1204 audi·

307 1250 373 1299 tue.
417 1174 529 1298 Soiem
549 1255 696 1320 namque
718 1249 751 1296 et
770 1236 904 1307 lunam,
927 1249 1122 1328 caeteraque
1143 1225 1389 1310 fideralen'geab

233 1339 248 1346 “
311 1318 448 1388 eoloco
472 1339 539 1404 quo
563 1315 755 1415 corpusculi
776 1317 842 1381 mei
863 1318 968 1380 moles
985 1317 1147 1389 ambitur,
1172 1311 1274 1398 polite
1291 1307 1388 1371 lentio.

307 1400 374 1474 ubi
398 1399 488 1463 enim
510 1401 607 1474 lunt,
629 1399 678 1464 rbi
701 1423 738 1466 ea
761 1400 869 1463 lentio
891 1399 926 1464 in
949 1397 1051 1464 radiis
1073 1397 1248 1462 oculorum
1260 1412 1390 1458 meorum

307 1482 367 1572 qui
394 1473 476 1548 illuc
506 1485 599 1548 nulla
631 1505 724 1548 mora
754 1481 963 1556 interstante,
999 1481 1192 1568 eriguntur,
1224 1478 1260 1541 in
1290 1473 1390 1561 quibut

306 1567 495 1655 phantafiae
540 1566 764 1632 raedictorum
789 1557 928 1631 fiderum
952 1567 1149 1630 Formantur.
1194 1561 1329 1624 Videsne
1342 1577 1389 1641 tgr

308 1669 381 1726 tur,
403 1673 502 1736 quam
516 1591 625 1748 ionge
645 1651 792 1738 praefata
814 1650 961 1714 foemina
986 1651 1179 1712 calcaneum
1201 1647 1292 1708 suum
1308 1641 1339 1704 in
1353 1661 1391 1734 or·

307 1755 432 1820 ganum
463 1732 603 1796 videndr
634 1733 794 1797 extendil.
849 1731 1010 1799 Similiter
1037 1735 1078 1795 de
1097 1729 1151 1793 hie
1174 1739 1390 1816 quaepropne

306 1815 370 1902 tibi
392 1816 427 1882 in
451 1816 571 1881 mediis
593 1816 707 1903 spatiis
729 1817 905 1890 videntur,
933 1814 1205 1900 intelligendum.
1248 1811 1318 1874 Non
1339 1805 1390 1869 atio

306 1903 409 1964 modo
442 1903 483 1964 de
524 1899 684 1962 audiendi
715 1899 825 1963 officio
856 1899 1016 1963 naturalis
1046 1895 1165 1962 orani
1197 1887 1391 1958 confideretio

308 1985 437 2048 edocet.
466 1982 609 2047 Auditus
630 1982 791 2068 liquidem
815 1987 904 2046 extra
925 1919 1194 2068 corporieipatia
1207 1979 1292 2041 forre
1306 1993 1392 2038 erum·

305 2065 374 2154 pit,
409 2078 449 2130 ut
479 2065 636 2128 sonorum
667 2066 723 2128 seu
744 2085 867 2130 vocum
889 2065 1048 2128 iormulas
1070 2065 1105 2125 in
1130 2063 1173 2124 lei
1204 2063 1236 2124 lo
1259 2055 1393 2144 exprellrs

230 2166 233 2172 ¹
304 2146 465 2232 recipiat,
486 2148 552 2210 five
572 2148 693 2234 longe,
716 2149 783 2211 five
803 2151 1021 2234 prope‘jactu
1043 2147 1126 2210 aeris
1150 2083 1294 2208 clientas,
1328 2135 1393 2224 Qui·

307 2234 384 2296 darn
406 2251 486 2294 vero
509 2229 597 2294 intra
619 2231 781 2295 terminos
803 2231 952 2316 corporis
976 2230 1217 2303 continentur,
1247 2241 1285 2288 ut
1304 2225 1342 2286 est
1359 2221 1393 2283 ol·

305 2315 414 2378 iactus
437 2327 471 2376 et
492 2313 619 2399 gustus:
642 2330 682 2377 ut
695 2307 817 2392 'multis
840 2319 880 2380 de
901 2329 1021 2378 natura
1042 2314 1199 2377 lenluum
1221 2309 1270 2373 die
1294 2303 1395 2397 utatioj

305 2395 407 2462 tribue
428 2395 579 2462 videtur.'
617 2399 695 2462 Non
727 2393 845 2464 desunt
866 2413 978 2461 tamen
1002 2396 1060 2487 qui
1082 2397 1215 2460 lenium
1237 2333 1394 2458 oliaciendr

198 2504 203 2516 ¹
306 2481 395 2544 sorae
426 2490 602 2544 autumant
633 2481 799 2569 profilire,
833 2503 975 2567 quorum
999 2479 1200 2566 opinionem
1220 2497 1289 2540 non
1308 2471 1394 2560 polin·

266 2613 267 2618 1
304 2585 380 2627 mue
402 2564 419 2625 l
441 2585 574 2640 eruere,
596 2567 654 2629 lon
680 2563 810 2630 iuscule
832 2565 922 2628 enim
946 2557 1311 2649 acorporihusnottris
1326 2559 1395 2618 bene

267 2657 272 2664 “
306 2647 363 2709 leu
384 2587 480 2734 aliter
502 2647 627 2712 olentia
648 2587 821 2714 [intimus.
864 2651 916 2710 De
939 2662 1031 2710 tactu
1053 2643 1165 2710 utitem
1188 2635 1394 2718 nemoPhyfi·

305 2749 421 2794 corum
444 2730 594 2806 dubitat,
659 2734 727 2795 uod
753 2745 792 2802 et⁴
807 2729 894 2793 intra
916 2741 1038 2816 corpus
1061 2743 1094 2792 et
1116 2743 1209 2792 extra
1230 2728 1322 2789 suum
1339 2737 1397 2806 per·

306 2827 382 2898 agat
402 2811 561 2876 officium.
594 2754 692 2878 Soiue
715 2812 806 2877 enim
828 2829 862 2876 et
884 2814 952 2877 sme
967 2812 1047 2875 ¹aliie
1070 2813 1218 2874 lenfibue
1237 2808 1306 2872 vim
1320 2805 1394 2868 luam

309 2909 470 2960 excercet.
503 2895 627 2960 Nullus
648 2901 728 2963 ver'o
754 2896 894 2961 aliorum
916 2901 1062 2982 quatuor
1084 2897 1210 2982 absque
1230 2891 1317 2956 illiue
1337 2903 1396 2951 coo·

304 2975 480 3123 peratione
500 2975 718 3044 ministerium
741 2981 837 3043 suum
858 2981 954 3043 valet*
971 2979 1164 3064 adimplere.
1197 2979 1294 3040 Num
1314 2986 1344 3034 et
1358 2966 1394 3029 vi·

319 3083 359 3126 ue
381 3080 452 3123 non
475 3061 581 3144 potest
602 3063 717 3126 videre
738 3063 798 3126 niti
822 3062 971 3148 tetigerit
993 3065 1084 3150 quod
1104 3061 1220 3139 videt3
1243 3078 1305 3123 nec
1320 3048 1395 3115 audi·
1430 3120 1431 3140 χ

305 3159 360 3207 tue
383 3141 498 3206 audire
519 3143 581 3208 nist
602 3144 752 3232 tetigerit
797 3149 865 3210 uod
890 3143 1001 3220 audit;
1025 3165 1089 3208 nec
1111 3145 1257 3207 olfactus
1274 3140 1396 3205 olfacere
1430 3195 1431 3210 ¹

304 3225 328 3290 rr
358 3245 429 3288 non
461 3226 611 3314 tetigerit
662 3231 732 3294 uod
763 3168 850 3315 diet3
880 3250 991 3314 neque
1021 3229 1130 3314 gustus
1153 3227 1281 3313 gullure
1301 3224 1322 3286 li
1340 3235 1394 3281 non
1430 3233 1431 3303 ᾗ

305 3306 456 3395 tetigerit
472 3313 569 3454 puori
590 3329 634 3397 gu
682 3327 705 3374 t.
748 3311 985 3375 Animadverte
1005 3309 1120 3396 itaque
1142 3311 1295 3396 quinque
1314 3297 1394 3392 parti·
1430 3317 1431 3374 4

305 3406 378 3456 tum
412 3393 466 3456 sen
485 3417 543 3458 um
564 3393 765 3463 [enlibilium
787 3401 897 3459 rerum
919 3393 1099 3492 phantasiis
1120 3393 1320 3460 formatum.
1351 3383 1393 3448 cui
1430 3407 1431 3466 t

305 3474 438 3560 serpens
462 3475 601 3541 callidus
623 3477 807 3556 infidiatur.
839 3479 1014 3542 lnfidratur
1028 3476 1118 3540 enim
1139 3476 1250 3541 sensui
1264 3465 1393 3540 videndi,
1430 3477 1431 3486 ’

306 3559 386 3622 dum
417 3559 683 3644 pulcritudinem
711 3561 895 3626 formarum
926 3559 1143 3647 colorumque
1176 3559 1320 3626 incautis
1340 3551 1395 3618 aui·

299 3644 421 3706 mrbus
455 3642 643 3727 perniciose
672 3646 788 3710 suadet
815 3643 1064 3732 concupiscere.
1125 3645 1255 3710 Eadem
1284 3639 1395 3708 ratione
1430 3607 1431 3678 i

304 3727 348 3790 de
377 3727 553 3790 harmonia
581 3748 724 3804 vocum,
756 3731 798 3792 de
818 3728 981 3810 suavitate
999 3727 1162 3805 odorum}
1197 3727 1395 3796 deirorum

305 3825 489 3894 eorumque
521 3831 605 3896 quae
633 3827 741 3876 tactus
763 3811 846 3876 attin
875 3812 901 3877 't
921 3809 1206 3880 delectationibus
1226 3751 1394 3893 inteiligen·

308 3891 388 3953 dum
411 3891 568 3958 arbitror:
604 3917 688 3980 quae
713 3893 825 3960 omnia
872 3917 929 3962 um
950 3895 1160 3986 improvide,
1196 3901 1265 3962 hoc
1285 3892 1394 3964 elicar·
1430 3875 1431 3956 i

305 3972 375 4038 nali
411 3975 596 4075 cupiditate
621 3977 802 4065 concupita
822 3999 883 4065 per
900 3982 1106 4082 'corporeum
1126 3982 1261 4046 sensum
1284 3979 1321 4040 ab
1340 3965 1393 4033 mi·

305 4076 362 4120 mo
402 4075 656 4146 percrpruntur,
692 4061 901 4130 mortiferum
938 4064 1132 4130 divinorum
1178 4064 1393 4129 mandatorum

303 4139 567 4226 uanegreffionie
590 4143 741 4211 efficiunt
755 4165 944 4226 vencnum,
968 4147 1195 4235 omniumque
1214 4145 1390 4213 delictorum
1430 4179 1431 4270 p
