2912 4978
436 229 765 316 masmana.
875 260 880 268 ’
1086 239 1161 318 m

829 381 841 413 l
1159 385 1163 400 '
1259 402 1262 415 t

74 413 221 494 notula
240 419 498 504 denominatur,
520 438 556 492 et
574 423 684 492 velati
703 439 890 494 exuemum
903 425 1073 496 humanae
1087 427 1157 512 ani·

72 532 130 578 rrae
158 508 288 576 obtinet
311 510 444 588 locumr
475 532 540 588 uec
560 508 748 586 immerito,
781 531 886 598 quum
907 511 995 582 circa
1016 514 1159 590 effectua

71 593 219 660 erularum
248 592 537 679 primordialium,
575 593 643 665 five
672 594 834 671 rilibilea,
874 593 942 662 five
972 596 1158 664 invisibiles

69 679 135 753 tint,
163 676 448 744 circumvolvitur.
489 682 537 744 dc
565 701 627 764 per
645 681 712 744 hoc
732 700 803 744 non
827 675 909 744 duic
930 681 1157 752 substantiolae

69 759 231 838 trinitatea,
254 761 436 827 sedunam
458 765 666 851 eundemque
690 765 732 828 ad
753 760 1006 830 fimilitudinem
1020 781 1154 830 creatu-

66 844 101 910 ria
126 843 172 908 lui
200 844 373 910 conditam
395 859 529 932 oportet
550 867 613 912 noa
634 838 834 946 intelligere.
876 845 942 911 Sed
962 847 1067 917 miror
1113 867 1163 930 ua

66 931 98 992 de
116 927 206 994 caula
226 927 334 994 vitam
354 927 477 1016 ipsam,
500 951 585 1018 quae
607 953 626 995 a
648 932 782 996 Graecae
805 925 975 1021 opacent,
994 947 1029 1014 ct
1049 871 1155 1033 &uip-

64 1006 143 1100 rati),
168 1033 187 1076 a
213 1011 332 1076 nostrie
352 1035 433 1078 vero
454 1011 619 1078 nutritiva
640 1029 675 1079 et
699 1013 834 1079 auctiva
856 1029 997 1094 vocatur
1027 1015 1038 1088 (
1045 1031 1156 1094 nutrit

62 1096 137 1160 mim
157 1115 308 1182 corpora,
332 1111 366 1160 ct
385 1095 595 1163 incrementa
615 1096 664 1162 eia
683 1097 837 1184 praestat)
857 1119 925 1164 nec
937 1097 1045 1162 veluti
1059 1122 1155 1186 quar·

63 1191 116 1244 tam
135 1177 379 1245 substantialem
394 1182 562 1246 humanae
575 1197 716 1247 naturae
729 1197 871 1268 partem,
888 1203 959 1266 'nec
973 1180 1063 1266 intra
1080 1183 1156 1264 [ub-

60 1261 226 1330 flantialem
256 1258 442 1330 trinitatem
472 1281 700 1330 enumeratam
731 1287 750 1330 a
778 1280 813 1330 te
832 1260 953 1341 video,
984 1287 1029 1332 ac
1044 1263 1155 1344 veluti

60 1346 176 1432 panitur
197 1347 483 1446 praetermillam,
506 1364 541 1414 et
561 1351 656 1413 nullo
677 1350 781 1414 modo
803 1349 845 1413 ad
865 1365 1005 1414 naturae
1026 1349 1156 1434 nostrae
1241 1411 1245 1424 ,

59 1431 315 1498 constitutronem
361 1432 577 1500 attinentem.
621 1434 670 1496 M.
694 1433 772 1498 Non
793 1429 942 1510 mireris,
965 1453 1036 1500 nou
1062 1431 1156 1502 enim

58 1513 113 1578 fine
132 1517 226 1582 eausa
245 1519 311 1580 hoc
331 1457 483 1582 iieimua.
527 1515 701 1605 Siquidem
728 1537 822 1581 nunc
842 1539 919 1582 non
938 1519 980 1580 de
999 1515 1156 1602 upiverla

58 1597 186 1664 humane
215 1614 337 1664 natura
357 1601 464 1666 sermo
487 1601 550 1677 est,
581 1623 667 1688 quae
686 1599 794 1664 veluti
817 1600 968 1687 quinque
989 1600 1155 1686 partibus,

56 1681 108 1746 buc
126 1683 182 1760 eli,
216 1703 360 1768 corpore
378 1683 543 1772 vitalique
564 1701 679 1760 motu,
710 1683 828 1759 lcnlu,
863 1699 898 1748 et
919 1681 1052 1748 ratione
1074 1706 1155 1750 oon·

55 1763 119 1830 liare
136 1765 291 1840 videtur,
323 1767 576 1854 etintellectu3
609 1771 666 1834 scd
690 1771 732 1833 de
754 1789 792 1832 ea
813 1767 1028 1832 solummodo.
1046 1784 1153 1854 parte,

54 1845 160 1946 inqua
179 1848 296 1934 imago
317 1866 352 1916 et
364 1851 555 1932 -limilitudo
574 1845 989 1949 conditorie'perlpicitun
1012 1854 1080 1942 boc
1096 1851 1152 1950 eu,

56 1932 88 1994 de
105 1935 282 1996 intellectu
302 1935 490 2000 erratione
512 1951 547 2000 et
566 1935 663 2000 sensu
685 1933 856 2010 interram,
883 1935 938 2000 vel
960 1933 1089 2014 (utita,
1105 1938 1155 2000 dr·

53 2017 125 2092 tam)
151 2013 311 2091 cucutia,
344 2017 488 2094 virtute,
517 2033 551 2084 et
572 2018 780 2117 operatione.
823 2021 863 2083 ln
885 2019 953 2084 hoc
974 2016 1067 2083 enim
1088 2033 1154 2083 ter·

53 2098 131 2168 uario
162 2099 315 2164 summae
337 2117 372 2168 et
394 2102 502 2168 sacrae
526 2099 686 2168 trinitatis
710 2103 823 2189 iruago
846 2103 992 2188 exprcffa
1011 2123 1153 2188 cognor-

53 2179 133 2248 citur.
174 2186 267 2248 Nam
289 2185 331 2248 de
351 2183 448 2249 vitali
462 2201 582 2262 motu,
605 2208 674 2273 quo
695 2184 808 2250 anima
830 2206 953 2276 corpur
976 2200 1011 2249 et
1028 2184 1158 2264 nutrit,

53 2279 79 2326 et
95 2264 127 2330 in
147 2289 260 2332 unum
283 2265 414 2354 colligit
435 2283 469 2331 et
483 2267 651 2344 vivificat,
675 2285 710 2334 ct
722 2267 906 2344 ministrat,
931 2267 1152 2357 eiquttincrc·

52 2365 187 2416 mentum
209 2353 289 2422 dat,
322 2354 430 2437 deque
452 2350 525 2438 ipso
548 2370 705 2440 corpore,
735 2355 829 2440 quod
849 2350 956 2418 totius
979 2367 1151 2424 creaturae

50 2448 219 2500 extremum
245 2432 379 2498 obtinet
400 2435 534 2509 locum,
557 2437 641 2502 aliua
659 2435 838 2505 differendi
853 2438 949 2502 locut
965 2435 1045 2512 erit,
1069 2439 1153 2510 dum

51 2515 83 2577 de
99 2517 225 2582 naturia
252 2516 476 2595 lenfibilibuc,
498 2521 575 2584 Deo
594 2523 698 2595 duce,
723 2519 774 2588 dia
800 2519 962 2596 utabitur,
975 2541 1061 2606 quae
1074 2540 1154 2608 para
1233 2530 1235 2546 '

50 2600 192 2684 quoniam
216 2615 311 2665 extra
331 2601 573 2688 proprietatem
594 2602 776 2690 intelligib'
795 2603 821 2669 ‘a
839 2603 967 2668 nostrae
982 2600 1151 2682 effectivae,

49 2703 101 2765 qua
128 2687 168 2750 ad
190 2683 381 2782 imaginem
402 2685 468 2750 Dei
490 2685 622 2752 conditi
643 2687 776 2762 lumuc,
811 2684 1019 2760 dinorcitur‚
1052 2707 1153 2772 prop·

49 2777 121 2831 terea
141 2791 162 2834 a
181 2770 289 2834 nobra
309 2767 575 2854 praesentialiter
594 2768 778 2836 intermilla
800 2769 859 2845 est,
884 2772 966 2836 dum
980 2769 1020 2834 fit
1036 2783 1152 2848 mutua

48 2849 167 2943 quidam
199 2865 298 2916 extra
326 2851 481 2918 catulam
510 2851 773 2939 primordialiter
794 2851 981 2928 conditur,
1008 2851 1152 2916 substan·

49 2932 106 2996 trali
125 2937 259 3001 nostrae
282 2935 493 3022 operationi,
516 2957 602 3024 quae
624 2936 737 3002 lenlua
757 2934 901 3001 interior
922 2941 976 3014 (ut
990 2932 1152 3014 diximus>

46 3016 220 3097 vocitatur,
247 3018 437 3099 subjectae,
461 3019 567 3107 inque
580 3042 734 3168 Koenam
755 3017 888 3106 peccati
904 3015 1059 3085 additur:
1081 3038 1153 3106 quo

48 3095 191 3168 videlicet
225 3119 329 3168 motu
356 3127 395 3168 ea
448 3125 512 3168 uae
534 3126 578 3190 po
625 3119 803 3192 peccatum
822 3106 991 3168 humanae
1010 3118 1154 3166 naturae

47 3179 249 3276 superaddita
279 3187 372 3262 lunt,
406 3126 622 3254 administrat.
672 3189 722 3256 Co
765 3209 806 3251 ua
835 3190 903 3254 hcc
930 3182 1153 3272 corruptibile

47 3265 125 3359 dico,
163 3285 272 3358 atque
301 3272 460 3349 mortale,
493 3270 578 3336 locia
600 3287 745 3360 tempora
770 3293 877 3360 utque
898 3268 1046 3345 varium,
1078 3291 1153 3357 par·

48 3357 117 3415 bum
137 3353 277 3418 suarum
298 3375 440 3419 numero
463 3353 665 3432 discretum,
687 3353 803 3443 spatiis
824 3354 1021 3429 distentum,
1042 3351 1152 3418 incre-

47 3433 151 3526 mentis
175 3436 491 3524 decerementiaque
512 3438 703 3514 subditum,
741 3437 959 3525 qualitatibut
981 3435 1152 3534 quantita·

49 3517 188 3606 uberque
211 3519 350 3585 diverfia
373 3520 580 3618 subjectum,
607 3523 791 3619 adomnea
812 3519 1059 3619 irrationabrlee
1079 3539 1152 3586 mo·

48 3605 447 3778 lttitltsscbtltz
465 3603 1155 3784 {allgemert‘t‘tlttlttltl

48 3757 188 3849 spttittm,
222 3786 440 3858 caeteraque,
496 3793 560 3836 uae
592 3774 635 3836 de
655 3769 858 3836 infelicitate
878 3768 916 3850 in
937 3771 1027 3834 hanc
1045 3782 1155 3847 vttatu
1255 3841 1261 3846 ,

49 3845 197 3922 humanae
229 3871 374 3938 naturae
406 3875 446 3918 ex
473 3795 634 3922 idicita'te
655 3853 802 3922 Paradili
823 3849 994 3953 expulsae,
1027 3866 1064 3916 et
1083 3843 1155 3916 dici

50 3943 76 3992 et
91 3937 324 4026 experimento
347 3937 676 4038 cognosci-poliunt.
699 4009 702 4018 ,
720 3939 837 4003 Motus
854 3953 970 4024 rtaquc
982 3937 1157 4002 htuuauac

49 4031 166 4088 murac
189 4025 242 4112 ad,
259 4045 299 4090 ea
319 4019 578 4090 aduamillranda
603 4044 690 4113 quae
709 4021 770 4088 fibi
792 4023 836 4086 ad
855 4019 1043 4088 vindictam
1057 4037 1153 4108 prae·

50 4098 254 4174 *moeonia
275 4103 386 4184 divini
405 4105 580 4198 praecepti
601 4109 762 4190 adjuncta
782 4107 862 4174 luut
879 4102 1080 4201 (vindictam
1092 4118 1153 4198 ¹⁸13*

52 4189 106 4252 ltu
129 4188 231 4272 dica,
263 4211 336 4279 uun
365 4187 543 4270 uescenti·
569 4189 637 4260 Dei
663 4187 851 4286 ultionem,
884 4187 942 4258 led
961 4186 1152 4256 ωῐοωηω

687 4310 708 4376 9
