2854 4978
285 217 362 293 tet
406 179 411 188 ἱ
617 203 1087 292 renumerationem

699 357 709 388 Ι

287 423 343 474 tur
365 403 515 471 enimin
538 425 591 482 ea,
624 425 665 470 err
688 404 811 494 quibat
833 405 993 496 allampte
1014 405 1108 480 lunt,
1131 424 1195 471 nee
1212 425 1305 484 vere,
1325 419 1379 473 nte

286 491 417 577 lemper
444 489 540 568 lunt,
571 489 707 575 quando
741 487 851 556 omnia
879 487 1056 554 substantia
1084 491 1124 555 ab
1147 489 1298 556 omnibua
1318 513 1376 556 eor·

286 571 506 663 rnptibssibut
529 573 761 638 accidentibus
782 573 996 661 purgabitur,
1020 589 1054 636 et
1076 575 1114 636 ab
1137 573 1288 639 omnibus
1307 595 1378 660 quae

288 663 331 725 ad
351 659 470 722 statum
489 657 742 757 lune-propriae
764 665 904 721 naturae
924 677 995 721 non
1013 656 1170 733 attinent,
1192 657 1378 722 absolvetarr

288 742 365 811 lolia
387 741 597 806 naturalibus
618 740 804 810 virtutibua
827 742 965 815 deeora,
987 738 1160 805 insolubili
1178 739 1377 830 firnplicitate,

288 841 323 892 et
350 825 388 890 in
417 823 469 888 hia
502 823 562 912 qui
591 825 675 890 boni
706 825 803 900 lunt,
839 823 938 890 donia
959 824 1084 910 gratiae
1108 841 1223 890 ornata
1245 840 1379 890 aeternae

287 906 514 986 beatitudinis,
531 907 897 996 contemplationibus,
922 908 1009 971 ultra
1030 929 1167 974 omnem
1188 923 1331 972 naturam
1355 920 1381 970 et

286 993 385 1060 luam'
401 990 605 1078 glorificate,
643 991 748 1090 inque
768 993 878 1078 iplum
899 995 1010 1055 Deum
1033 993 1208 1066 converse,
1240 995 1381 1076 Deaeque

286 1097 358 1143 non
381 1090 518 1150 natura,
542 1076 599 1140 led
620 1093 726 1224 gratia
749 1075 847 1140 facta.
889 1074 954 1138 Hie
975 1074 1090 1162 itaque
1111 1073 1296 1140 rationibus
1316 1093 1381 1138 con·

286 1158 462 1234 sideratio,
485 1157 560 1246 quia
580 1158 617 1223 ni
663 1157 809 1224 nimium
833 1161 945 1223 tardua
968 1176 1026 1222 eut
1046 1154 1380 1224 nimium'eontentio·

287 1245 341 1309 lua
372 1263 445 1308 non
476 1245 643 1308 'concedat
670 1242 787 1310 omnia
821 1263 907 1329 quae
929 1263 970 1306 ex
990 1246 1064 1308 Deo
1086 1243 1182 1320 lunt,
1215 1257 1249 1306 et
1268 1255 1380 1306 aeterna
1416 1279 1417 1288 κ

286 1329 382 1394 lirnnl
402 1325 466 1392 effe
488 1341 523 1390 et
543 1325 657 1390 factal
1284 1371 1289 1386 .
1416 1371 1417 1404 ,

233 1443 240 1460 ι
345 1410 399 1477 ἰ6.
420 1413 464 1474 D.
486 1411 580 1475 Haec
600 1405 685 1474 mihi
708 1409 870 1495 perplane
888 1406 980 1472 [uela
1001 1408 1095 1484 lunt,
1117 1429 1191 1473 non
1209 1422 1314 1472 tamen
1327 1423 1382 1468 orn·

287 1493 343 1559 nia
367 1491 568 1578 ambiguitas
590 1513 630 1561 ex
651 1513 706 1557 nte
729 1495 839 1556 adhuc
858 1493 988 1578 repulsa
1011 1493 1074 1556 elle
1097 1495 1190 1577 quod
1211 1489 1297 1555 enirn
1316 1485 1393 1551 dixi·
1416 1517 1417 1570 r

288 1577 327 1642 lli
348 1591 528 1665 propterea
549 1575 664 1643 omnia
707 1597 771 1640 uae
793 1597 834 1638 ex
856 1579 929 1639 Deo
952 1577 1086 1640 suntet
1108 1571 1383 1640 aeterneetlatta
1416 1571 1417 1658 l

287 1661 383 1736 lunt,
405 1665 486 1744 quia
506 1663 541 1725 in
562 1661 663 1726 verbo
727 1663 759 1722 ei
779 1673 915 1722 aeterna
953 1674 1030 1736 unt,
1054 1673 1110 1734 et,
1133 1675 1173 1724 ut
1195 1657 1383 1722 aitsanctus

287 1745 512 1832 Augustinus,
534 1767 599 1812 non
611 1739 719 1832 foeta
727 1737 900 1835 substanti
935 1749 999 1806 iter
1020 1741 1224 1832 existentia,
1245 1755 1383 1822 tempora·

288 1831 368 1893 liter
387 1849 466 1894 vero
513 1850 548 1891 er
566 1833 810 1913 generationem
833 1831 867 1890 in
887 1821 999 1915 formo
1021 1842 1055 1890 et
1065 1823 1244 1920 speciebus
1266 1838 1298 1888 et
1316 1819 1385 1884 ocri·

285 1913 439 1976 dentibus
456 1851 580 2001 ficta,
605 1905 747 1999 subiato
774 1916 862 1976 omni
881 1913 1100 1994 ambiguitate
1115 1905 1299 2002 perspici03
1316 1922 1382 2050 3¹¹⁰·

286 1995 379 2061 nient
407 1995 488 2060 ver‘o
520 1995 681 2080 scriptum
710 1995 772 2070 est,
807 1997 842 2058 in
868 1999 1036 2077 principio
1044 1991 1145 2096 jecit
1166 1989 1271 2061 Densl
1280 2007 1383 2055 corun

198 2095 201 2102 ’
288 2091 323 2143 et
342 2091 483 2153 terram,
504 2093 541 2143 et
561 2085 671 2145 omnio
692 2083 726 2143 in
737 2075 915 2173 sapientia
926 2075 1006 2168 feci
1038 2103 1068 2142 r:
1092 2075 1197 2166 cogor
1217 2073 1309 2140 fateri
1328 2091 1383 2167 otn-

287 2161 347 2226 nia
367 2161 404 2226 in
426 2164 532 2229 verbo
552 2162 618 2227 Dei
641 2179 776 2227 aeterna
798 2177 832 2225 et
853 2163 942 2227 facta
963 2184 981 2226 e
1008 2185 1036 2226 e.
1081 2163 1211 2228 Omnia
1232 2159 1304 2226 dito
1324 2153 1384 2217 vtfi·

285 2243 369 2310 bilia
388 2260 438 2311 .et
461 2244 660 2322 invifibilia,
691 2262 760 2310 tem
787 2244 889 2309 oralia
912 2259 946 2307 et
967 2262 1103 2312 aeterna
1126 2266 1243 2334 omnes
1264 2239 1384 2330 primor-

286 2327 391 2393 diales
421 2331 534 2395 caulae
567 2353 645 2394 oum
667 2269 826 2394 omniiue
848 2327 1024 2394 effectibus
1045 2328 1141 2406 luia,
1175 2325 1295 2418 quibua
1315 2321 1384 2396 ardo

288 2412 478 2478 seculorum
499 2413 652 2480 localiter
674 2427 707 2476 et
730 2411 959 2497 temporaliter
980 2412 1171 2500 peragitur,
1204 2426 1239 2476 et
1257 2407 1385 2496 mandet

285 2493 344 2560 ille
376 2496 515 2564 visibilia
544 2497 726 2582 impletum
761 2495 817 2560 led
848 2499 1020 2582 quomodo
1047 2497 1155 2594 potest
1183 2498 1249 2559 hoc
1278 2487 1383 2556 r‘ationt

285 2580 472 2646 convenire
501 2582 545 2644 acl
574 2601 698 2666 purum
726 2597 799 2642 non
827 2581 924 2644 valeo
944 2579 1144 2676 perspicere.
1179 2582 1236 2642 ·Μ.
1258 2579 1384 2642 Putasne
1416 2589 1417 2628 r

285 2663 392 2750 igitur
411 2685 468 2728 me
490 2666 612 2728 docere
632 2661 772 2727 voluille
789 2661 925 2737 omnia,
948 2679 1167 2750 inquantum
1183 2655 1383 2726 aeternelunt
1416 2663 1417 2684 ¹

285 2745 323 2810 in
352 2751 460 2812 verbo
486 2746 552 2811 Dei
582 2745 764 2836 unigenito
792 2761 925 2810 aeterna
954 2746 1043 2822 elle,
1071 2745 1108 2810 in
1137 2761 1299 2834 quantam
1318 2753 1383 2800 vert>

253 2831 255 2836 ’
285 2828 374 2894 facta
405 2831 485 2895 lunt
515 2843 607 2897 extra
633 2833 775 2894 verbum
800 2829 889 2894 facte
920 2828 1024 2894 ellel.
1043 2831 1122 2893 Non
1145 2829 1237 2914 enirn
1258 2822 1383 2890 aestino

229 2968 240 2988 „
287 2912 480 2978 rationibut
511 2913 675 2978 veritatie=
686 2911 870 2977 convenire
897 2911 1149 2978 univerlrtatem
1166 2909 1322 2978 ¹conditae
1339 2920 1382 2968 na·
1416 2983 1417 2988 ἵ

285 3011 380 3061 turae
400 2993 438 3060 in
458 3000 563 3061 verbo
586 3011 620 3059 et
639 3012 808 3060 aeternam
829 2996 924 3059 fimul
947 3009 980 3058 et
1000 2995 1134 3061 factam.
1186 2995 1380 3078 D*.Nonp1}·
1416 3019 1417 3080 3

285 3081 398 3144 tabem
420 3093 455 3142 te
476 3081 519 3143 lic
541 3079 706 3154 docuille,
731 3101 803 3144 non
825 3078 917 3142 enim
940 3077 1073 3148 aestimo
1095 3081 1206 3144 ullum
1225 3073 1379 3157 recteph1·
1416 3083 1417 3114 ³

285 3162 540 3249 lolophantium
574 3177 694 3260 putare
714 3160 820 3227 totiue
841 3161 1065 3226 univerfitatie
1088 3161 1275 3250 partemin
1296 3155 1381 3244 ierbp

285 3243 353 3308 Dei
376 3260 544 3310 aeternam
566 3243 748 3320 lublistere‚
787 3260 917 3332 partem
940 3263 1031 3309 entra
1053 3249 1197 3313 verbum
1217 3235 1382 3330 temperah-

287 3343 339 3391 ter
373 3327 508 3395 factam.
565 3330 653 3394 Nam
683 3348 795 3426 neque
825 3329 904 3392 linit
933 3350 996 3393 noe
1028 3329 1106 3395 talia
1135 3327 1285 3417 cogitare
1311 3323 1382 3386 laert
1416 3387 1417 3390 ,

288 3409 479 3498 Scriptura,
501 3433 600 3500 ·qaae
622 3411 705 3477 dicit
727 3433 763 3475 ιιι
784 3413 932 3486 Psalmo,
965 3417 1087 3480 Omnia
1108 3417 1144 3477 in
1153 3413 1326 3504 snpientia
1336 3394 1381 3494 fe
1416 3429 1417 3436 ¹

286 3495 373 3582 cisti.
418 3499 457 3560 ln
485 3475 622 3573 Genefi,
651 3501 694 3560 In
727 3499 895 3579 principio
905 3491 1002 3588 feeit
1021 3499 1120 3562 Deus
1139 3499 1264 3564 coelum
1286 3506 1316 3555 et
1333 3503 1382 3550 ter·
1416 3543 1417 3600 1

286 3599 367 3646 ram.
411 3581 584 3667 Apollolua
614 3579 652 3643 in
682 3575 749 3667 qt'ro
778 3579 910 3667 inquit,
947 3595 1062 3645 ereata
1082 3579 1170 3674 sunt
1189 3581 1297 3647 omnio
1314 3589 1382 3658 qvae
1416 3601 1417 3651 l

274 3661 419 3752 suntin
438 3667 537 3730 coelis
558 3675 593 3727 et
611 3686 696 3750 qrtae
714 3666 750 3726 in
771 3677 884 3736 terra,
906 3661 985 3756 stare
1004 3672 1042 3729 v'
1056 3667 1152 3730 thilia
1161 3663 1241 3757 five
1261 3651 1380 3745 ewisrbi
1416 3653 1417 3720 l

196 3825 200 3839 ἱ
285 3748 349 3825 iio,
370 3743 451 3834 five
480 3753 605 3821 throni,
622 3746 703 3840 five
724 3749 984 3822 dominationes,
1029 3771 1084 3815 we
1101 3753 1310 3832 principatus
1318 3736 1380 3830 stur
1416 3725 1417 3784 l

285 3845 488 3912 potetates,
511 3837 622 3897 omnia
641 3857 685 3910 eor
704 3829 776 3920 ipso
797 3845 832 3897 et
848 3855 911 3914 per
932 3827 1058 3924 ipsum,
1085 3847 1120 3898 et
1139 3837 1176 3898 in
1195 3835 1297 3922 ipsum
1307 3840 1378 3888 ereo·

285 3927 324 3978 te
362 3930 429 3978 unt.
472 3919 510 3979 ln
537 3913 741 4006 Evangelio,
776 3920 887 3981 omnia
909 3939 971 3997 per
991 3915 1095 4013 ipsum
1106 3911 1217 4008 facta
1228 3911 1325 4012 sunt,
1353 3913 1380 3967 ‘l

275 3994 314 4092 fi
338 4020 354 4061 e
385 3997 460 4090 ipso
479 3993 617 4087 factum
648 3999 696 4092 est
714 4001 814 4075 πίἱιίἰς
846 4021 949 4086 neque
969 4010 1057 4070 ratio
1079 4017 1178 4068 extra
1197 4001 1323 4066 verbum
1340 3986 1378 4054 nil

284 4085 379 4148 volet
402 4087 511 4168 perire
522 4082 810 4176 substantialiter,
840 4101 901 4149 out
909 4083 1093 4178 seeundum
1114 4083 1277 4182 accidens.
1318 4075 1377 4142 0¹¹·

285 4183 355 4231 mat
377 4168 486 4244 enim,
521 4172 640 4236 Omnia
661 4191 745 4254 quae
761 4163 897 4264 suntet
915 4168 1181 4262 quoenonsu'nt
1200 4191 1264 4240 non
1273 4161 1374 4260 setun·
1416 4203 1417 4264 i
