2912 4978
109 273 124 362 '.
217 310 224 322 ,
318 345 333 354 „
408 251 516 334 liter
532 232 778 336 dmm..
1053 255 1129 348 rto

59 383 184 532 q'uiqeb
211 455 250 508 eo
275 435 374 516 tunt,
405 457 445 506 ao
473 459 535 525 per
550 439 621 508 boe
640 436 678 506 iii
698 421 763 509 liae
782 434 1124 596 lpeedqfqbliqanintiae

64 515 224 603 apotiffinie
272 519 539 608 ulcherrimeque
566 523 694 588 lumina
723 536 764 602 et¹
790 543 828 588 xii
999 527 1125 611 arridet

62 598 199 687 sapientia.
238 543 386 670 italiam
416 605 508 692 enim
542 603 608 670 Dei
634 603 819 703 sapientiai
845 605 890 673 est
915 611 1124 678 bominibus.

60 687 95 748 ll.
123 683 204 768 Quid
226 683 339 775 itaque
364 687 463 776 fiquia
492 692 534 755 de
561 691 637 755 Deo
667 685 945 777 interrogaverit,
975 709 1123 792 quantur

60 769 99 830 iel
115 768 206 852 qualia
224 769 280 848 fit;
314 793 398 838 nuni
420 771 482 836 tibi
503 787 595 838 reete
614 770 786 836 videbitur
807 773 1019 861 responderi,
1052 794 1124 859 tari·

59 865 97 914 tas
119 866 149 913 et
175 851 275 917 talia?
306 877 377 921 non
406 853 499 920 illam
520 855 597 920 dico
615 855 839 942 quantitatem
860 872 896 921 et
916 859 1122 944 qualitatem,
1238 891 1240 902 ’

60 935 89 996 de
105 953 160 1019 qua
176 932 351 1022 Propheta
363 938 467 1015 dicit,
501 963 638 1023 mugitus
656 941 806 1004 dominus
825 953 860 1006 et
878 941 1056 1009 laudabitis
1073 947 1123 1009 ni·

57 1019 116 1090 nis,
137 1031 166 1079 et
183 1023 416 1102 magnitudinis
435 1025 507 1088 e'us
525 1047 590 1090 non
609 1020 659 1126 ψ
669 1023 763 1117 finit.
806 1023 907 1100 Vide,
935 1047 1036 1114 quain
1057 1029 1125 1092 alte

57 1097 404 1192 Theologurloquitur,
474 1131 596 1191 agnus,
619 1108 750 1194 inquit,
773 1110 950 1175 Domimrs.
991 1111 1058 1175 Sed
1078 1132 1125 1176 ne

58 1182 111 1268 quir
128 1183 214 1249 finita
256 1189 424 1256 uantitate
443 1214 522 1257 eum
542 1191 635 1257 finiri
655 1208 807 1278 putaret,
830 1192 996 1262 continuo
1017 1193 1122 1270 addit,

57 1279 79 1328 it
101 1209 324 1350 magnitudinis
349 1277 419 1364 ejus
443 1299 509 1342 non
535 1275 584 1375 est
602 1275 696 1369 finis.
739 1281 825 1342 Item
843 1276 965 1364 nequii
986 1275 1125 1363 qualita-

57 1361 104 1412 tem
128 1351 250 1420 finitam
281 1356 319 1421 iii
345 1379 385 1422 eo
408 1359 470 1424 elle
492 1376 705 1447 opinaretur,
733 1381 805 1426 non
827 1359 913 1425 dixit
930 1361 988 1424 sim
1013 1357 1124 1424 liciter
1145 1367 1148 1374 '

56 1447 79 1494 et
93 1434 274 1516 laudabilia,
312 1441 368 1505 red
388 1442 562 1523 subjunxit
580 1447 697 1520 nimiu
728 1441 832 1508 nimie
854 1441 966 1508 auieiri
1013 1441 1124 1519 'eitun
1227 1496 1231 1518 ,

55 1519 267 1598 quod'omnem
288 1527 429 1590 moduni
451 1525 594 1592 excedit.
626 1529 705 1594 Non
725 1527 819 1592 illam
838 1525 885 1592 ita
909 1549 953 1591 ue
973 1529 1027 1606 (at
1039 1525 1125 1607 dixi)

54 1601 238 1696 quantitatem
258 1603 429 1673 infinitam
450 1609 613 1704 nomin03
634 1632 702 1676 nee
721 1610 814 1675 illam
828 1549 1025 1696 quaiitatem
1037 1631 1125 1710 quae

53 1681 84 1744 elt
97 1686 193 1754 nimii.
228 1692 323 1755 Haec
344 1715 491 1779 namque
509 1715 580 1758 non
602 1715 790 1781 incongrue
814 1695 857 1758 de
877 1695 951 1760 Deo
973 1709 1124 1779 cogitan-

52 1769 171 1918 iiiii
190 1773 1018 1946 liiiii‘eiciidiffi‘imianqiiiiiffliii
1040 1773 1127 1924 “iii

51 1929 117 1995 enim
141 1956 207 2001 non
233 1939 413 2005 invenitur
444 1943 588 2008 diffinita
618 1942 816 2019 substantia,
846 1946 901 2008 vel
932 1949 987 2023 (ut
1006 1941 1055 2006 ita
1075 1940 1125 2007 di·

50 2023 110 2094 tam]
129 2018 307 2087 diffinitum
328 2024 533 2105 subjectum,
556 2025 605 2092 ibi
649 2025 850 2090 uantitatem
873 2041 908 2090 et
927 2023 1069 2112 qualitat

50 2115 173 2191 quaerere
201 2122 239 2170 et
267 2107 399 2172 firmare
421 2111 565 2194 *stultum
592 2049 692 2174 vaide
719 2109 856 2195 risuque
875 2107 1086 2208 dignamini
1111 2106 1125 2174 i

49 2182 160 2252 videtur.
199 2190 249 2254 Ac
270 2213 330 2275 per
349 2195 416 2256 hoc
437 2195 518 2258 dum
539 2193 576 2257 iri
597 2196 671 2258 Deo
692 2215 758 2261 nee
778 2193 866 2279 ipse,
888 2214 954 2259 nee
975 2194 1126 2289 aliquin-

48 2263 169 2356 tellectm
187 2274 294 2337 ullam
316 2274 494 2341 diffinitam
514 2276 745 2354 substantiam,
779 2278 834 2342 vel
855 2279 909 2353 (ut
928 2275 977 2340 ita
997 2277 1124 2373 dicam}

49 2345 196 2420 diffinitum
226 2357 435 2437 subiectum,
467 2361 653 2436 secundum
706 2361 776 2426 uod
804 2357 873 2425 dici
899 2359 956 2424 vel
976 2357 1125 2446 intelligi

45 2431 126 2497 valeat
151 2438 232 2526 quid
254 2441 313 2516 sit,
341 2441 488 2529 reperire
508 2466 580 2509 non
600 2384 727 2531 porei,
756 2463 874 2509 nonne
896 2439 1126 2529 limpidiffiii'ie

47 2509 136 2593 claret,
157 2524 287 2588 nullam
307 2525 438 2590 finitam
458 2530 513 2591 vel
535 2527 706 2592 infinitam
727 2525 971 2613 quantitatem,
993 2526 1125 2590 nullam

44 2599 209 2735 qualitatem
230 2606 365 2672 finitam
387 2613 440 2673 vel
463 2610 632 2675 infinitam
651 2611 688 2674 in
709 2610 782 2696 ipso
805 2607 967 2708 cognosci
987 2607 1059 2704 ale
1073 2607 1124 2706 iq-

54 2697 83 2753 ⁰2
99 2687 144 2748 iel
164 2692 202 2752 ab
225 2690 295 2754 alio
315 2693 453 2756 valere?
476 2694 512 2756 Si
532 2695 623 2758 enim
646 2715 783 2758 omnem
804 2693 936 2758 finitam
958 2705 993 2755 et
1009 2688 1125 2754 infini-

44 2773 92 2827 ltm
120 2769 331 2838 substantiam
368 2774 505 2840 infinita
533 2791 568 2840 et
595 2778 773 2864 plusquam
801 2775 937 2840 infinita
967 2771 1125 2860 propriae

41 2843 147 2916 virtutis
179 2855 380 2922 excellentia
413 2860 656 2944 superexaltat,
693 2857 769 2946 quia
796 2878 868 2922 non
895 2855 1125 2922 continuone
1180 2927 1191 2954 ι

41 2926 92 2994 fine
108 2937 168 3000 ulla
189 2939 405 3004 dubitatione
427 2957 597 3029 erumpat,
629 2957 669 3006 ut
690 2955 804 3039 aperte
828 2941 990 3015 fateatur,
1022 2951 1125 3024 atque
1237 2995 1240 3002 .

42 3015 193 3097 exclamet,
223 3023 355 3088 nullam
383 3024 515 3091 finitam
544 3027 600 3089 vel
627 3024 797 3089 infinitam
824 3021 1047 3112 quantitatem
1065 3019 1125 3118 yel

42 3099 207 3178 qualitatem
236 3107 277 3170 in
308 3129 386 3172 eum
416 3110 551 3183 cadere,
582 3125 641 3172 aut
660 3110 731 3176 ullo
752 3109 855 3174 modo
877 3104 960 3194 quid
981 3122 1124 3170 omnino

41 3179 111 3245 elle?
130 3188 213 3252 Nam
233 3189 296 3254 ubi
318 3189 493 3256 iuvenitur
512 3189 613 3278 quid,
638 3189 688 3255 ibi
710 3191 885 3256 confestim
904 3205 1073 3286 quantum
1090 3200 1127 3252 et

41 3265 124 3344 quale.
163 3269 231 3337 Ubi
249 3295 333 3338 vero
351 3296 425 3339 non
449 3275 492 3340 eil
512 3273 612 3360 quid,
634 3273 683 3338 ibi
705 3291 870 3360 quantum
893 3289 927 3338 et
947 3274 1046 3360 quale
1061 3292 1123 3336 im·

39 3345 161 3428 poffibile
190 3355 236 3420 est
265 3357 415 3441 reperiri.
460 3357 496 3421 si
518 3378 596 3444 ergo
618 3356 655 3422 in
677 3380 789 3422 rerum
810 3355 992 3445 generibus
1012 3373 1125 3451 neque

40 3435 115 3512 qiud,
140 3457 254 3585 neque
276 3457 458 3526 quantum,
493 3461 606 3585 neque
626 3440 743 3527 quale,
775 3463 887 3529 neque
907 3442 1016 3506 ullum
1037 3457 1124 3504 acor·

42 3513 101 3578 deni
118 3515 338 3608 inteligitur,
361 3523 440 3611 quia
459 3520 622 3609 simpicia
642 3524 739 3599 lunt,
771 3527 856 3589 haec
874 3543 957 3588 vero
976 3521 1015 3586 in
1036 3515 1124 3582 indi-
1176 3555 1183 3568 -

39 3594 126 3664 iiduia
145 3605 361 3671 solummodo
381 3621 606 3693 quaeruntur,
630 3605 725 3692 quie,
746 3603 810 3672 nili
831 3607 968 3680 stulius,
989 3601 1028 3668 in
1047 3603 1123 3666 Deo

42 3679 102 3760 quid
118 3688 171 3751 vel
192 3705 361 3776 quantum
381 3692 437 3754 vel
458 3691 556 3777 quale
577 3691 699 3754 audeat
721 3687 905 3786 quaerere?
999 3764 1008 3783 ·
1080 3763 1083 3768 ¹

80 3767 121 3834 M.
191 3772 257 3838 uid
277 3772 409 3860 igitur?
430 3797 515 3840 num
535 3771 573 3836 in
596 3793 636 3838 eo
659 3771 807 3838 aestimas
829 3771 892 3836 elle
912 3769 1123 3863 relationem,

41 3860 140 3934 (lutea
192 3855 300 3921 raecir
323 3855 447 3932 dieitur
468 3853 554 3949 πρός
575 3879 620 3924 τι.
650 3858 694 3921 D.
715 3857 768 3920 Ne
788 3859 856 3954 boc
876 3851 1125 4002 quidemdixe·

40 3943 94 3992 ΗΜ·
130 3937 196 4004 Ubi
220 3937 366 4006 diffinita
387 3938 565 4006 substantia
585 3961 657 4006 non
678 3939 785 4026 potest
797 3941 882 4004 intel
895 3959 961 4024 igi,
985 3938 1033 3999 ibi
1048 3931 1123 3998 nul·

40 4007 89 4075 itm
102 4021 301 4091 relationem
322 4022 396 4089 fieri
415 4027 506 4111 polle
527 4045 598 4090 iion
621 4021 767 4108 ambigo.¹
807 4023 887 4088 Non
909 4019 954 4086 est
968 4016 1060 4084 enim
1076 4015 1123 4079 le·

40 4101 165 4169 cundum
185 4121 362 4183 naturam,
394 4107 452 4174 led
471 4109 657 4174 seeundum
677 4106 846 4194 quandam
866 4101 1032 4200 copulam·
1044 4100 1126 4164 duo·

41 4195 97 4246 mm
113 4187 171 4254 lea
187 4191 342 4276 plurium
362 4191 598 4276 [abjectorum.
637 4193 692 4258 oa
712 4187 852 4258 croterii
872 4201 1123 4274 categoriarum
