2922 4978
387 187 389 192 ’
474 231 791 316 meamea..
996 341 998 346 v
1087 235 1167 306 aaa

903 353 909 360 “
1282 353 1286 382 l

60 437 151 482 novo
181 415 425 492 inveteratum,
453 416 504 486 ‚de
524 416 613 484 laeto
635 415 779 495 tristem,
811 421 853 483 de
873 419 963 484 salvo
984 419 1171 505 perditum,
1241 453 1243 458 ·
1282 413 1286 423 “

2 517 9 534 ·
62 498 283 586 depraedanti
305 497 596 587 filio-prodigum,
620 521 658 563 ex
680 499 846 566 virtutum
866 524 922 588 gre
948 519 1165 579 eerrantem,
1258 541 1264 552 ·

60 585 160 670 eique
187 584 375 660 condatem
409 582 594 648 nonenim
616 586 659 649 ad
679 586 746 650 hoo
766 523 948 652 saetuaei.
992 586 1164 684 Siquidem

60 671 102 732 ad
123 665 352 752 polleffionem
373 677 528 734 aeternae
547 665 638 732 vitae
660 667 932 734 aebeatitndinia
948 671 1106 734 conditus
1123 671 1167 734 est

1 799 2 810 2
57 751 138 824 ille,
162 771 261 836 quem
282 770 361 826 voa,
388 749 537 818 ovieini
561 753 632 828 eiua
654 765 689 815 et
701 751 819 827 amici,
843 750 878 815 in
895 752 1069 838 regionem
1080 773 1166 817 mor·

58 833 101 898 tia
135 848 169 897 et
202 832 354 904 miseriae
373 833 497 900 videtla
510 854 612 901 ‘nunc
633 835 674 897 de
695 835 846 920 paradiso
870 835 1068 922 expulsum,
1093 857 1167 900 coe-

57 917 153 984 lestea
173 915 332 983 videlicet
353 917 488 982 ordinae
509 918 701 1002 alloquens,
734 917 793 1004 qui
814 922 1030 983 adhaerentes
1053 918 1169 983 condi·

57 1000 126 1065 tori
158 1000 215 1067 suo
252 1000 289 1064 in
310 999 522 1070 beatitudine
542 1015 704 1098 perpetua
723 1003 995 1086 permanserunt,
1025 1023 1168 1088 qaorum
1289 1027 1293 1034 ·

57 1097 175 1148 tamen
205 1099 364 1149 nummata
393 1083 430 1148 in
459 1083 652 1171 perditione
674 1083 822 1149 hominia
845 1085 1072 1166 edemtuaest.
1114 1085 1167 1148 vi-

56 1169 167 1232 deone
187 1179 310 1252 quanta
333 1165 489 1232 divinum
511 1169 632 1253 pathos
654 1167 842 1243 contineat,
867 1169 948 1233 dum
966 1169 1009 1233 fic
1024 1167 1170 1234 breviffi·

54 1271 155 1314 mum
179 1269 218 1314 ex
241 1251 510 1336 uno'temporali
530 1249 705 1325 adverbio,
737 1253 829 1338 quod
851 1252 894 1316 est
914 1274 1015 1323 name,
1046 1269 1080 1316 et
1100 1273 1169 1318 una

56 1331 183 1402 causali
212 1333 473 1412 conjunctione,
511 1355 596 1420 qnae
625 1333 669 1398 est
696 1357 787 1418 ergo,
821 1348 1060 1421 comparatum·
1103 1337 1169 1398 Sed
1279 1361 1283 1368 ·

56 1414 170 1484 veluti
193 1415 267 1500 post
288 1416 436 1482 hominia
458 1418 632 1503 planetum
655 1419 769 1482 eadem
792 1417 904 1482 diviva
927 1417 1104 1483 clementie
1126 1421 1169 1482 ad

1 1563 2 1578 χ
56 1497 207 1582 seipsam
230 1499 451 1586 coelesteaque
473 1499 614 1582 virtutae
637 1500 854 1566 consolandas
876 1503 1052 1577 conversa,
1082 1499 1169 1566 redi·
1251 1570 1258 1586 ,

1 1581 2 1638 l
56 1597 133 1647 tum
161 1580 309 1647 hominia
339 1581 376 1646 in
411 1582 602 1668 paradisum
623 1583 682 1650 sub
698 1587 847 1671 quadam
870 1583 1056 1650 dubitativa
1077 1587 1168 1650 loen·

1 1671 2 1746 g
56 1663 165 1731 tionia
195 1663 640 1752 forma-interrogativaque
673 1667 854 1753 promittit.
907 1667 964 1733 ait
992 1668 1102 1742 enim,
1130 1691 1170 1732 ne

1 1751 2 1756 ’
46 1742 153 1838 forte
181 1771 307 1813 manum
326 1743 428 1834 Juem
454 1753 593 1822 mittat:
624 1762 659 1813 et
673 1753 790 1839 Jamat
818 1752 862 1815 de
880 1749 981 1835 ‘liguo
1013 1757 1105 1816 virae
1119 1750 1170 1814 'et

55 1832 232 1902 comedat,
263 1845 296 1896 et
325 1837 480 1918 ariaratiae
502 1847 676 1898 aeternum.
720 1838 895 1922 Tanquam
910 1835 1063 1910 diceret,
1094 1856 1167 1901 non

55 1918 145 1980 adeo
170 1917 210 1980 de
231 1913 375 1980 interitu
394 1915 542 1982 hominia
566 1918 750 1984 dolendum
768 1919 929 2004 lapsuque
945 1919 1046 2005 ipsane
1060 1921 1101 1982 de
1114 1938 1170 2003 pa·

54 1999 169 2066 radiso
197 2000 405 2085 lugendum,
439 2021 511 2066 non
542 2001 633 2064 enim
655 2002 727 2086 spes
748 2001 913 2066 redeundi
934 2005 974 2065 ab
996 2001 1055 2066 illo
1077 1999 1169 2087 peni·

54 2098 112 2146 toa
142 2083 251 2148 ablata
282 2081 344 2157 est,
379 2083 539 2148 fortene
571 2083 685 2180 mittat
714 2107 851 2150 manum
882 2087 992 2158 suam,
1026 2087 1094 2149 hoe
1114 2083 1167 2158 est,

54 2167 137 2232 suae
170 2167 279 2232 borrae
307 2165 451 2230 actionis
483 2165 520 2232 in
553 2166 736 2232 virtutibus
757 2169 901 2236 studium
923 2171 1080 2232 extendat
1100 2185 1189 2253 quo·
1267 2211 1276 2223 ι

80 2247 159 2314 ossae
181 2252 222 2312 de
243 2248 409 2322 sruotibua
429 2249 515 2336 ligni
536 2249 627 2314 vitae
648 2251 794 2326 sumere,
817 2255 883 2316 hoo
905 2244 965 2327 esl',
989 2251 1053 2315 Dei
1075 2247 1170 2314 verbi

53 2273 289 2430 ipiaitualibua
318 2329 435 2408 donia,
471 2348 504 2396 et
531 2334 686 2398 comedat
711 2355 819 2400 eseam
841 2355 944 2420 purae
965 2333 1170 2419 contempla·

55 2413 184 2488 tronia3
207 2418 302 2494 cujus
322 2413 451 2480 virtute
471 2416 566 2480 rivet
585 2415 620 2480 in
637 2431 828 2490 aeternam,
849 2439 1024 2502 nunquam
1040 2419 1081 2481 ad
1096 2437 1170 2502 ege-

54 2499 176 2565 slatem
199 2499 435 2584 temporalium
457 2519 569 2566 rerum
591 2518 676 2585 quae
700 2499 841 2565 omnino
863 2519 940 2563 cum
953 2503 1082 2564 mundo
1097 2520 1170 2583 per·
1216 2509 1238 2564 ’,

54 2582 164 2648 ibunt
182 2582 393 2658 reversurae,
417 2599 508 2648 totae
529 2581 565 2646 in
581 2581 766 2648 Dominum
782 2582 993 2656 transiturus,
1013 2597 1048 2644 et
1063 2602 1170 2644 unum

53 2667 93 2732 in
118 2665 182 2730 illo
203 2665 349 2730 saturne.
393 2669 437 2731 Et
458 2670 525 2730 hoc
545 2665 761 2752 sequentibua
782 2665 964 2750 scripturae
982 2663 1093 2728 verbio
1107 2664 1170 2726 cla·

53 2773 93 2814 re
118 2751 218 2812 datur
238 2746 397 2836 intelligi.
441 2748 498 2816 Ait
521 2749 630 2814 enim:
652 2753 824 2838 Ejecr'tqne
844 2749 1023 2820 Artemam,
1054 2760 1089 2809 et
1109 2746 1173 2810 col·

53 2835 189 2898 locavit
207 2845 287 2900 ante
306 2829 500 2923 paradisum
520 2835 706 2916 voluptatis
728 2832 904 2908 Cherubin,
933 2845 966 2894 et
982 2827 1171 2917 flamamm

52 2918 211 3000 gladium
240 2929 340 3000 atque
370 2913 559 3011 versatilem
580 2919 627 2980 ad
646 2916 890 3006 effodiendam
910 2919 999 2980 viam
1020 2915 1104 2997 ligni
1120 2917 1172 2978 vi·

53 3018 131 3068 tae.
163 2999 241 3064 Non
263 2998 405 3065 arbitror
426 3019 458 3067 te
480 2999 648 3066 oblivioni
670 3001 791 3066 dedisse
813 3001 984 3087 quomodo
1003 2997 1038 3061 in
1053 3011 1171 3084 quarto

54 3087 150 3150 libro
182 3084 371 3148 sanctorum
399 3085 538 3150 Petrum
568 3084 676 3152 utrina
700 3107 743 3148 ae
763 3083 900 3170 linguae
922 3080 1107 3169 peritorum
1129 3083 1172 3145 de

54 3166 217 3256 paradiso
239 3166 455 3233 tractantium
479 3168 658 3234 sententiaa
679 3108 877 3255 ioquentea,
900 3169 942 3230 ad
965 3187 1107 3257 purum,
1134 3179 1173 3226 ut

55 3251 165 3318 nobie
197 3249 304 3318 visum
333 3251 397 3325 ess,
424 3253 632 3317 ,deduximus
661 3273 730 3316 non
763 3250 854 3316 aliud
889 3251 955 3314 elle
971 3245 1171 3335 paradisum,

56 3340 105 3400 de
138 3336 339 3418 quohomo
362 3337 517 3421 expulsae
541 3335 601 3408 ess‘,
637 3350 768 3422 praeter
787 3333 891 3420 ipsam
912 3337 1173 3428 humanamna·
1205 3392 1209 3401 ,

57 3437 177 3484 turam
210 3419 252 3480 ad
272 3417 454 3504 imaginem
476 3417 543 3481 Dei
567 3435 728 3492 creatam,
764 3439 803 3482 ex
827 3421 923 3496 cuiue
944 3414 1103 3502 imaginis
1123 3434 1173 3474 va·
1247 3478 1250 3483 ,

56 3501 191 3568 delicet
224 3499 389 3587 dignitate
411 3506 525 3566 eadem
548 3499 618 3586 ipsa
639 3517 758 3584 natura
780 3499 934 3565 divinum
955 3511 1172 3588 praeceptum

53 3600 289 3652 contemnent
311 3585 446 3650 corruit.
476 3587 585 3670 Atqae
607 3606 667 3670 per
687 3589 753 3648 hoc
766 3582 963 3658 conficitur,
984 3577 1176 3644 nihilaliud

54 3671 128 3734 elle
149 3665 299 3735 hominia
320 3666 527 3734 emiffionem
549 3667 603 3730 vel
625 3667 837 3747 ejectionem,
862 3665 923 3730 nifi
944 3660 1106 3730 naturalia
1127 3661 1174 3725 se·
1290 3671 1296 3682 “

54 3751 227 3825 licitatio,
260 3753 302 3816 ed
329 3773 428 3838 quam
449 3750 679 3838 poffidendam
699 3752 807 3816 sactus
830 3747 891 3824 ess,
929 3744 1198 3834 perditionem

54 3833 378 3902 non.enim·homo
400 3851 555 3900 naturam
575 3835 668 3899 suam
688 3831 855 3920 perdidit,
878 3851 980 3917 quae,
1028 3851 1108 3894 unm
1125 3829 1174 3893 'ad
1295 3843 1303 3864 ⁸

53 3907 251 4005 imaginem
283 3919 348 3986 llei
383 3936 417 3986 et
443 3917 696 3985 similitudinem
718 3919 805 3982 saeta
829 3915 892 3990 est,
923 3933 988 3979 nee
1033 3913 1103 3976 ario
1124 3910 1174 3975 in·
1216 3915 1240 3998 Ἰ

54 4000 298 4088 corruptibilia
319 4003 384 4070 osli
405 4002 554 4152 perdidit
576 4019 688 4068 antem
713 3997 932 4073 felicitatem,
955 4007 1054 4085 qnam
1077 3997 1176 4140 adelp-

58 4103 167 4154 turae
199 4086 294 4162 esset,
328 4088 352 4152 fi
384 4108 408 4153 o
430 4085 546 4152 ediena
573 4089 648 4152 Deo
670 4086 733 4151 elle
752 4103 824 4155 non
845 4095 1120 4176 contemneret..
1165 4115 1175 4139 t

54 4172 147 4239 Non
178 4168 286 4238 tolum
312 4189 384 4238 non
415 4168 581 4238 oblivioni
601 4169 744 4246 tradidi,
772 4163 1011 4234 verumetiam
1032 4162 1175 4230 firmiter
