2922 4978
308 245 387 320 424
635 245 691 318 tte
710 245 891 320 buitim
910 241 1083 320 Nauae.

310 433 415 498 modo
437 446 547 518 partes
567 429 827 519 vilissimaeque,
850 449 971 516 corpur
990 425 1153 497 videlicet
1169 448 1383 522 corporeusque

311 517 424 581 sensus
447 517 633 582 solvantur:
656 517 786 582 animae
807 531 919 581 sutem
939 511 1099 578 naturalis
1116 512 1294 599 simplicitas
1308 521 1383 582 omni

312 600 554 685 compositione
582 600 701 676 libera,
729 618 939 686 nequequam
961 596 1162 661 solutionem
1173 597 1307 684 recipit3
1340 602 1384 664 sed

311 696 476 780 perpetuo
497 681 685 758 insolubilis
709 699 840 758 manet,
863 681 942 778 live⁸
950 677 1194 746 rationabiliter
1208 681 1268 745 sire
1280 679 1384 748 irratio·

311 764 470 830 nabrliter
490 768 523 832 se
545 783 696 842 moveat,
716 762 780 832 'nist
800 766 887 830 sorte
910 765 1023 828 droant
1041 766 1135 827 hunc
1149 765 1257 830 locum
1270 765 1324 827 usu
1336 767 1385 830 sre·

314 848 527 936 quentilllmo
549 850 657 915 sacrae
681 851 861 936 scripturae
884 844 1145 930 synecdochicds
1170 846 1386 933 accipiendum,

205 963 206 968 κ
302 947 353 994 ,ιιι
382 953 400 995 a
427 948 502 998 toto
530 954 605 1019 pars
636 933 853 1020 intelligatur.
894 931 966 996 Nec
1000 931 1122 995 mirum
1143 928 1167 992 st
1186 951 1253 994 non
1277 934 1313 995 de
1331 931 1385 1018 ipso

312 1014 445 1092 animo,
479 1017 536 1080 sed
565 1019 606 1079 de
636 1017 705 1080 solo
737 1015 828 1082 virili
850 1016 927 1078 sexu
947 1013 1034 1078 intra
1057 1035 1157 1098 quem
1180 1012 1274 1078 etism
1294 1015 1388 1078 sueni·

311 1119 398 1162 neus
418 1098 708 1186 consignificatur,
744 1097 823 1163 talia
846 1097 935 1162 dicta
957 1098 1020 1160 esse
1041 1097 1249 1160 arbitrantur.
1286 1098 1387 1161 Poslre

312 1202 389 1258 mo,
414 1201 474 1246 cur
493 1203 563 1248 non
587 1187 761 1247 advertant
783 1183 874 1269 quod
895 1180 932 1242 irs
954 1179 1008 1244 his
1027 1177 1139 1243 verbis
1159 1181 1234 1266 plus
1252 1180 1389 1245 restitutio

313 1265 461 1352 corporis
494 1265 721 1353 promittitur,
782 1287 859 1329 uam
881 1263 1003 1328 solutio
1024 1265 1079 1326 vel
1100 1260 1289 1348 corruptio?
1321 1267 1388 1330 Num

314 1351 394 1413 dum
426 1343 549 1435 'corpus
579 1287 797 1448 corruptibiie
828 1363 927 1433 utque
947 1348 1089 1412 mortale
1111 1345 1299 1421 destruitur,
1325 1363 1391 1410 tunt

312 1433 355 1499 ttd
385 1431 641 1519 incorruptibile
669 1434 924 1516 1mmortaleque
955 1445 1147 1512 revocatum
1180 1429 1299 1494 nullius
1319 1429 1390 1494 enim

313 1535 354 1580 co
396 1537 436 1580 us
465 1515 502 1578 in
537 1515 787 1603 corruptionem
806 1513 850 1578 est
870 1516 1089 1578 reversurum.
1131 1513 1211 1577 Non
1236 1532 1307 1612 ergo
1326 1517 1390 1575 haec

254 1615 258 1624 “
311 1620 414 1662 vera
443 1597 590 1664 reditum
620 1599 657 1664 in
686 1603 775 1666 banc
803 1613 944 1669 terram,
983 1599 1039 1662 sed
1072 1596 1187 1682 potius
1214 1595 1391 1662 reditumin

311 1680 330 1745 s
351 1680 517 1746 iritualem
546 1697 700 1746 naturam
730 1679 952 1769 praesagiunt.
983 1682 1062 1743 'sed
1093 1680 1195 1766 eligat
1225 1679 1294 1766 quis
1339 1679 1391 1740 uod

219 1809 247 1841 .‚
330 1781 485 1851 equatur:
509 1785 570 1851 ego
593 1781 703 1828 autem
727 1767 817 1852 quod
838 1761 923 1827 mihi
948 1759 1157 1826 uerisimilius
1180 1763 1285 1828 visum
1300 1701 1345 1834 ei,
1363 1781 1392 1823 ex

313 1847 505 1912 sanctorum
525 1864 658 1934 patrum
681 1845 871 1921 sententiis,
900 1845 1059 1910 Ambrodi
1081 1843 1157 1910 dico
1180 1863 1213 1911 et
1234 1841 1391 1932 duguslini,

301 1939 449 1998 'necnon
481 1946 514 1994 et
540 1931 740 1994 venerabilis
773 1929 925 2014 Gregorii
946 1928 1152 1994 Nazianzeni
1177 1929 1288 2016 quizet
1305 1927 1394 2008 Nylle·

313 2035 379 2078 nus
391 2013 436 2092 (s)
451 2013 584 2087 dicitur,
596 2013 855 2099 expositorisque
874 2009 1104 2091 ejus,Maximi
1127 2011 1288 2077 videlicet
1300 2013 1395 2074 Mont-

315 2095 391 2169 chi,
413 2095 682 2160 ratiocinationis
703 2097 906 2161 occsfionem
931 2097 1083 2171 sumens,
1112 2095 1175 2161 tibi
1198 2093 1393 2179 interroganti

312 2177 502 2264 partimque
532 2179 715 2266 exponenti
747 2177 884 2266 protuli.
926 2183 970 2242 Et
999 2181 1102 2265 q'uum
1122 2180 1295 2265 prolixitas
1315 2179 1395 2252 hujus

209 2276 212 2298 ¹
250 2325 255 2342 ,
311 2259 495 2326 voluminis
540 2265 678 2326 uaedam
705 2285 744 2326 ex
764 2262 818 2326 his
841 2265 883 2326 de
903 2263 1025 2348 quibus
1046 2262 1082 2326 in
1106 2269 1179 2344 ejus
1203 2261 1331 2327 exordio
1344 2277 1392 2320 nos

313 2343 462 2409 dicturos
491 2284 553 2408 elie
581 2345 808 2432 promisimus,
843 2346 938 2411 nunc
965 2365 1132 2432 exponere
1158 2368 1231 2412 non
1260 2339 1394 2410 tantuin

310 2425 349 2490 in
382 2427 482 2492 alium
510 2429 633 2493 librum
665 2428 848 2494 differenda
876 2429 962 2493 sunt.
1006 2433 1058 2492 De
1078 2421 1193 2494 reditu
1215 2429 1333 2522 quippe
1352 2443 1395 2485 na·

310 2525 461 2586 curarum
481 2508 518 2574 in
530 2512 771 2598 primordiales
795 2513 926 2588 causas,
949 2512 1054 2600 inque
1072 2534 1147 2576 eam
1160 2529 1312 2578 naturam
1328 2523 1396 2594 quat

197 2630 210 2656 ι
309 2613 377 2657 nec
397 2607 486 2658 creat
506 2615 570 2658 nec
591 2611 741 2672 creatur,
763 2616 848 2681 quse
868 2596 1020 2680 proiecto
1042 2599 1133 2660 Deus
1154 2596 1216 2670 est,
1245 2593 1338 2658 latius
1356 2588 1394 2650 in·
1430 2625 1431 2628 ¹

271 2693 279 2738 t
310 2689 361 2738 tra
380 2679 480 2756 hujus
501 2676 579 2741 libri
599 2677 762 2743 terminos
785 2694 924 2742 tractare
946 2678 1193 2764 proposuimus.
1223 2680 1288 2742 Sed
1311 2673 1395 2738 siim·
1430 2681 1431 2730 l

310 2759 444 2844 patiens
467 2779 500 2823 es
523 2763 694 2825 donecde
716 2761 970 2826 divinanarum
993 2782 1195 2847 cognoscas,
1253 2781 1294 2824 ua
1313 2753 1397 2822 ratio·
1430 2815 1431 2824 ,

247 2881 251 2900 ·
307 2851 355 2906 tre
375 2865 440 2909 nec
461 2863 571 2907 creare
591 2865 656 2909 nec
678 2843 781 2908 creari
803 2843 946 2918 dicitur,
969 2844 1115 2909 breviter
1135 2846 1242 2944 praeli
1267 2847 1336 2907 abo.
1430 2839 1431 2926 l

374 2941 424 3004 27.
446 2925 574 2989 Divina
592 2925 706 3014 itaque
728 2943 848 3004 natura,
867 2943 1043 3014 propterea
1064 2931 1214 2993 creditur
1235 2939 1396 3004 noncrea·

309 3007 357 3085 ri,
387 3031 490 3095 quum
522 3007 870 3094 primitivuomnium
894 3010 1072 3086 causaest,
1109 3013 1199 3075 ultra
1223 3031 1319 3099 quem
1340 3003 1397 3068 nul·

308 3092 381 3156 lum
403 3091 695 3178 principiumest,
718 3115 736 3158 a
757 3115 823 3180 quo
844 3093 943 3180 poffit
965 3094 1078 3159 creari.
1112 3097 1229 3180 Quum
1251 3082 1397 3186 veropttst

308 3175 458 3238 reditum
486 3175 709 3240 universitatis
738 3177 896 3242 conditae
924 3176 1103 3242 visibilium
1135 3177 1177 3242 et'
1199 3174 1396 3240 iirvilibilmm

309 3258 347 3321 in
378 3257 451 3320 suus
477 3257 710 3342 primordiales
739 3262 872 3335 causas,
903 3281 987 3346 quae
1008 3259 1045 3322 in
1070 3259 1138 3346 ipsa
1161 3260 1281 3326 divina
1299 3249 1395 3320 videli-

309 3353 365 3404 cet
385 3355 513 3410 natura„
525 3343 763 3416 continentur,
803 3343 896 3407 nulla
918 3343 1060 3410 ulterius
1080 3359 1198 3407 natura
1221 3365 1264 3407 ex
1283 3363 1320 3405 eu
1338 3354 1397 3423 pte*

308 3422 496 3500 creabitur,
525 3427 583 3490 seu
610 3425 645 3490 in
679 3425 803 3522 species
824 3425 987 3490 senfibiles
1008 3425 1288 3512 intelligibilesve
1305 3415 1397 3487 multi·

239 3535 245 3554 ι
331 3505 504 3582 licabitur;
536 3531 614 3574 nam
634 3509 671 3572 in
692 3509 762 3594 rpsa
783 3531 891 3573 unum
912 3525 1029 3584 erunt,
1068 3510 1150 3573 sicut
1169 3531 1267 3574 nunc
1288 3505 1397 3570 incau-
1430 3495 1431 3588 l

305 3529 348 3655 spus
369 3613 477 3656 unum
498 3593 595 3674 sunt3
632 3597 703 3656 'non
725 3590 894 3657 immerito
915 3592 1002 3657 nihil
1024 3613 1132 3658 creare
1155 3609 1190 3656 et
1215 3589 1356 3657 creditur
1372 3595 1397 3644 et

302 3673 520 3762 intelligitur.
564 3675 655 3772 Quid
678 3673 767 3738 enim
790 3674 935 3751 creabit,
959 3679 1039 3740 dum
1062 3671 1174 3740 omnia
1195 3675 1236 3740 in
1261 3671 1397 3739 omnibu

306 3757 378 3841 ipsa
406 3759 473 3823 sola
502 3759 631 3823 suerrt‘l
665 3763 780 3844 ltaque
801 3758 825 3821 s1
845 3758 908 3823 tibi
928 3757 1083 3835 videtur,
1118 3763 1222 3839 huius
1243 3755 1319 3821 libri
1339 3767 1396 3838 pru

204 3867 212 3892 ι
306 3837 424 3924 graffio
453 3844 574 3927 pedem
604 3845 767 3918 retrahat,
800 3863 845 3906 ne
866 3844 921 3906 lon
948 3841 1001 3907 ius
1021 3842 1167 3910 incedat.
1211 3845 1256 3908 D.
1277 3837 1396 3906 videtu

305 3925 425 4007 plane,
446 3941 480 3988 et
499 3929 694 4006 jamdudum
716 3925 820 3990 finem
840 3945 885 4011 po
947 3938 992 3991 at.
