2856 4978
266 191 346 272 m
453 271 457 278 ,
601 131 1053 274 armorumue.

190 441 192 446 .
269 383 403 461 munla,
423 403 510 474 quas
529 395 636 450 terrae
655 383 817 452 radicitus
837 381 1031 462 inhaerent,
1053 397 1090 450 st
1110 405 1152 450 ax
1168 385 1366 454 terraorian·

270 485 345 548 tur,
374 465 562 534 secundum
587 466 759 536 infinitam
784 469 1056 536 numerofitatem
1077 469 1282 536 inrculonm
1299 473 1364 538 her·

269 553 470 700 harumqqe,
510 565 545 618 et
573 549 684 616 nutrit
709 569 744 618 et
771 573 815 618 au
838 568 891 628 et,
929 550 1035 651 inque
1062 551 1189 640 species
1215 551 1364 640 proprias,

268 639 363 718 iuxta
440 635 597 721 gulorum
626 656 790 722 generum
876 632 1095 710 ilitudmem,
1130 650 1164 702 et
1195 637 1367 704 naturalem

203 715 209 726 ’
267 717 545 806 consequentiam
572 719 694 784 florum
700 764 712 796 ,
741 719 915 786 fructuum
928 741 947 795 ,’
971 717 1155 795 lominum,
1185 739 1246 806 per
1264 741 1367 786 numo·

268 822 325 869 ros
345 803 518 877 locorum,
536 803 575 866 ‘et
596 817 786 891 temportuu
806 801 977 888 producit.
1007 805 1132 868 Verum
1153 801 1365 890 quoniamer-

196 952 198 960 s
267 881 321 950 tra
343 905 466 972 corpur
484 882 574 950 nila
599 907 653 951 ere
673 885 862 973 praevalet,
893 906 960 952 neo
1005 885 1148 951 erieetae
1169 884 1367 962 vitae‚'eor·

267 965 477 1056 potibusque
506 907 694 1048 abioium,
728 967 891 1046 virtutem
910 967 948 1034 iu
970 908 1003 1034 ie
1024 967 1231 1045 manifestatt
1260 968 1296 1034 in
1315 991 1367 1034 nu·

213 1076 214 1087 ¹
268 1050 370 1118 meris
390 1050 574 1138 corporalis
594 1068 735 1119 naturae
755 1051 892 1140 potius,
915 1071 1016 1140 quam
1036 1049 1074 1118 in
1096 1049 1367 1140 speciebusgene·

266 1133 346 1202 ralis
364 1132 473 1211 ¹vitae,
505 1133 638 1213 divina,
673 1151 715 1202 ut
733 1134 980 1223 praediximus,
1002 1134 1204 1202 auctoritate
1224 1137 1367 1224 deputata

268 1217 324 1284 eil.
365 1219 411 1282 Et
439 1216 600 1317 quoniam
626 1219 698 1306 ipis
719 1241 787 1366 per
819 1219 870 1296 ie,
905 1217 1097 1307 germinalis
1118 1217 1279 1284 videlieet
1296 1217 1365 1294 rita,

267 1303 339 1368 line
367 1300 495 1378 ultione
522 1300 630 1379 vitae,
660 1304 717 1370 len
733 1301 818 1368 uelis
847 1301 925 1368 dico
954 1317 989 1367 et
1008 1300 1201 1378 rationalia,
1234 1323 1367 1368 commu·

267 1383 375 1452 ssione
420 1384 502 1450 otest
521 1384 686 1474 intelligi,
722 1385 897 1452 rationalis
916 1407 998 1452 vero
1022 1402 1056 1452 et
1076 1384 1236 1451 sensualia
1256 1388 1366 1474 absque
1416 1437 1417 1448 ι

268 1469 328 1535 illa
356 1409 492 1535 nriitnm
524 1490 646 1558 corpus
673 1485 830 1558 vegetare
850 1468 1048 1535 naturaliter
1069 1470 1240 1545 linuntur,
1273 1471 1366 1534 donee

268 1551 307 1618 in
328 1550 555 1639 irperiorihus
575 1552 762 1620 animarum
783 1552 976 1618 viventium
997 1552 1115 1618 formis
1137 1553 1368 1628 insinuatum
1416 1551 1417 1568 ¹

248 1635 359 1702 .iact·a
379 1635 544 1724 scriptura
563 1637 728 1702 reservate
751 1637 804 1701 att.
846 1635 968 1702 Anima
989 1637 1150 1734 liquidem
1174 1636 1267 1702 omni
1285 1635 1367 1700 lenio
1416 1649 1417 1720 3

268 1739 400 1796 carens,
423 1734 521 1785 motu
542 1741 677 1819 quoque
698 1718 795 1786 vitali
815 1719 925 1784 veluti
946 1739 1088 1786 omnmo
1112 1719 1365 1786 carerevidetur.
1416 1725 1417 1804 ι

180 1823 182 1831 ·
267 1805 318 1870 Ae
335 1824 397 1890 per
416 1805 484 1868 hoe
504 1825 616 1868 amma
638 1804 849 1870 solummodo
872 1801 1017 1880 dicitur,
1040 1825 1110 1869 non
1133 1819 1248 1870 autem
1263 1803 1366 1868 vivent
1416 1805 1417 1822 ¹

269 1885 392 1952 anima.
433 1889 507 1952 Nec
535 1885 763 1957 hoomirumt
795 1883 933 1952 lienitn
957 1885 995 1950 in
1013 1885 1205 1952 infantibus
1225 1887 1262 1952 in
1282 1899 1365 1950 utero

269 1967 464 2056 conceptis,
497 1985 557 2034 aut
585 1991 626 2035 ex
652 1986 750 2036 utero
772 1968 1025 2058 egredientibus
1046 1969 1121 2034 talis
1144 1969 1258 2036 anima
1278 1966 1366 2036 exilii·

267 2068 398 2128 matur,
428 2050 537 2117 veluti
564 2051 708 2118 rationis
742 2050 1056 2151 intelligentiaeque
1087 2053 1232 2120 omnino
1254 2073 1365 2152 expers,

267 2155 348 2201 cum
369 2149 403 2200 et
421 2134 632 2218 rationabilis
653 2151 688 2200 et
707 2134 952 2202 intellectibilis
972 2135 1032 2211 fit,
1066 2137 1221 2222 quamvis
1241 2133 1364 2202 ratrouir

268 2231 305 2285 et
334 2217 529 2286 intellectus
564 2219 692 2285 indicia
712 2218 751 2285 in
771 2219 964 2285 recentibus
987 2221 1097 2284 adhuc
1119 2237 1154 2284 et
1177 2216 1365 2307 imperfectis

197 2323 199 2332 ·
266 2301 419 2390 corporis
445 2299 620 2391 particulis
650 2323 722 2368 non
743 2301 844 2391 poffit
863 2301 1092 2368 manifestaret
1124 2319 1252 2390 quanto
1275 2299 1364 2388 magia

267 2383 380 2450 anima
400 2385 476 2464 illa,
497 2386 745 2474 intelligentiae
765 2385 894 2480 viribus
918 2400 952 2450 et
969 2385 1110 2452 rationis
1134 2401 1171 2451 et
1191 2388 1300 2452 senius
1317 2405 1364 2448 na·

265 2467 420 2536 turaliter
441 2469 614 2547 destituta,
636 2491 708 2536 non
731 2469 902 2534 immerito
924 2467 1056 2534 animae
1073 2469 1223 2535 viventis
1238 2469 1365 2536 vocabu·

264 2552 302 2620 lo
321 2573 395 2618 non
417 2549 536 2620 debuit
556 2551 594 2618 in
615 2547 789 2642 Scriptura
810 2551 1016 2639 significari?
1054 2555 1098 2617 D.
1125 2555 1230 2619 Hunc
1250 2551 1364 2618 senium

265 2636 436 2732 approbo,
459 2652 495 2702 et
513 2651 655 2702 naturae
666 2658 778 2702 rerum
788 2633 1066 2724 propheticisque
1079 2636 1286 2702 sermonibus
1298 2654 1364 2699 cou-

262 2717 383 2785 venire
415 2719 594 2819 perspicio.
635 2721 863 2786 Veruntamen
885 2717 1047 2806 quoniam
1068 2719 1170 2786 multi
1192 2720 1285 2793 lunt.
1315 2713 1363 2803 qui

264 2803 445 2870 herbum
475 2804 715 2892 lignorumque
749 2824 926 2891 corporeas
948 2804 1053 2868 moles
1076 2802 1220 2870 omnino
1243 2801 1363 2869 vitalem

263 2901 398 2954 motum
418 2907 489 2953 non
511 2889 635 2952 habere
656 2883 1063 2975 contendunt3-aiioentes
1082 2889 1227 2953 humore
1250 2881 1363 2974 quoti·

261 2984 422 3046 resount,
446 2985 481 3034 et
499 2971 594 3035 nulla
616 2969 679 3036 aliu
700 2969 772 3037 rita
791 2973 961 3058 vegetaris
994 2984 1086 3034 tuam
1105 2971 1309 3068 praedictam
1329 2967 1363 3030 de

263 3053 388 3119 haere
410 3051 677 3140 disputationem
699 3052 795 3142 gravi
818 3053 962 3140 quadam
984 3069 1186 3120 auctoritate
1206 3053 1303 3118 velim
1321 3069 1363 3113 ro·

262 3133 395 3212 borari;
428 3157 514 3223 quae
546 3153 661 3224 aperte
681 3136 921 3226 pronuntiaret
939 3138 1058 3202 herbae
1080 3139 1279 3224 arboresque
1298 3152 1362 3221 qur·

260 3217 425 3306 licunque
458 3217 569 3306 specie
590 3219 682 3285 vitae
702 3217 932 3286 administrari.
977 3221 1026 3284 M.
1048 3222 1126 3285 Non
1151 3236 1186 3286 te
1208 3222 1303 3294 latet,
1329 3227 1361 3278 nt

262 3300 424 3380 arbitror,
447 3303 602 3369 omnium
624 3302 904 3391 philosophorum
918 3306 959 3369 dc
973 3306 1103 3370 mundo
1117 3301 1359 3392 disputantium,
1416 3337 1417 3374 ι

217 3405 220 3414 ’
262 3385 319 3485 de·
332 3387 397 3452 hae
426 3402 522 3487 parte
549 3404 689 3454 naturae
715 3384 913 3486 unanimem
933 3387 995 3450 elle
1016 3387 1230 3470 sententiam.
1270 3385 1360 3477 liunt

122 3518 124 3535 '
260 3487 710 3620 iiimsoii‘aiitii‘piiibs
726 3473 1036 3620 lifftlblll‘
1056 3467 1360 3622 illitati}

260 3633 329 3702 five
348 3635 387 3702 in
406 3653 515 3703 motu.
557 3601 601 3702 Ii}
624 3636 793 3704 Omnibus
816 3599 1134 3724 philosophantibus
1157 3653 1217 3702 aut
1224 3632 1360 3785 philolo·

283 3719 348 3785 hos
372 3717 681 3810 legentibusillud
709 3719 916 3788 notiffimum
946 3723 1000 3788 est.
1043 3721 1130 3785 Nam
1164 3735 1199 3785 et
1252 3723 1314 3786 lato
1331 3715 1359 3810 ip
1416 3741 1417 3808 p

258 3741 417 3880 1ibimuso,
439 3820 476 3870 et
492 3801 626 3871 Plinius
647 3808 814 3872 secundus
835 3808 870 3869 in
889 3805 1052 3870 Naturali
1071 3803 1246 3894 Hylam,
1267 3819 1359 3868 mam·

258 3883 425 3952 festiffime
454 3891 496 3954 de
527 3887 582 3953 his
610 3911 673 3956 nos
709 3891 864 3954 edocent.
906 3889 955 3952 M.
978 3888 1015 3954 Si
1038 3889 1153 3976 itaque
1175 3889 1358 3952 Sanctorum

256 3967 397 4034 Panum
426 3971 616 4038 testimonia
646 3972 799 4073 quaeris3
832 3971 913 4038 audi
946 3971 1187 4043 nobiliffinaum
1207 3967 1358 4064 Bastljutps
1385 3967 1389 3984 '
1416 3985 1417 4056 ξ

255 4050 441 4120 ,Caesareae
463 4054 512 4122 Ca
537 4058 701 4142 padoosae
723 4054 925 4133 nutritium,
957 4053 1034 4122 ins
1075 4055 1156 4122 tima
1177 4051 1311 4121 bonaha
1327 4065 1358 4108 111
1416 4069 1417 4120 t

259 4133 424 4206 Genelint
456 4079 631 4218 „eiectat
651 4160 775 4228 aquae,
796 4136 929 4226 inquit,
959 4159 1021 4228 rep
1040 4138 1074 4157 ''
1118 4136 1301 4206 animarum
1317 4125 1356 4196 ti·
