2922 4978
303 214 389 292 3⁹8
463 159 508 234 'i
565 199 568 213 ’
628 161 1117 304 veumruneNitmaej.

440 365 442 370 ·
635 373 638 378 .
690 350 694 370 1
1300 347 1305 377 t

306 400 490 472 fimilitado
510 399 957 490 insipientiumanimalium
972 403 1112 490 sequuta
1130 395 1336 502 elmsaatas,
1358 400 1400 464 in·
1442 395 1443 474 l

304 487 396 576 quit,
417 489 511 552 bomo
532 492 565 551 in
585 491 922 554 animammiurntam.
967 487 1043 552 Non
1068 484 1175 560 tlixit‘,
1198 507 1235 549 tn
1259 483 1400 574 spiritum
1442 491 1443 512 ¹

170 621 174 630 ,
304 570 544 644 vivificantem.
588 575 716 636 Primus
734 578 830 636 ‘enim
855 576 948 639 homo
975 573 1017 633 da
1040 583 1133 638 tarra
1162 583 1326 646 terrenus,
1363 567 1403 630 ait

304 654 497 740 Apostolum
510 650 676 749 secundus
695 661 808 730 homo,
829 655 955 744 inquo
978 669 1047 742 tota
1068 668 1187 718 natura
1205 657 1403 718 humanare-

303 739 443 802 slaurata
464 739 524 814 ell,
547 741 589 802 de
607 741 695 804 coelo
716 740 873 827 coelestis.
918 743 967 804 tr
985 742 1176 820 nonprtas,
1199 735 1323 824 inquit,
1344 737 1404 798 bot

189 859 195 870 κ
306 822 371 895 est,
395 819 430 885 in
453 821 563 908 primo
585 823 726 888 bomine
746 821 1014 911 praevaricante,
1032 823 1126 968 prod
1135 815 1329 969 spirituale,
1344 813 1404 908 Jed

302 906 392 991 quod
420 907 582 970 animata.-
610 909 745 993 deinde,
775 909 843 973 boc
871 907 933 984 est,
965 904 1000 970 in
1045 925 1131 976 ecun
1158 903 1404 974 orastaurante,

303 990 391 1074 parad
434 991 612 1073 piritualer
640 993 708 1057 hoc
740 990 841 1056 etiam
870 1005 979 1054 teatua
1012 988 1149 1054 divinae
1170 986 1323 1052 historiae
1345 983 1406 1048 evi·

304 1074 398 1138 denti
437 1097 491 1139 me
521 1076 675 1139 declarat.
718 1075 804 1140 Nam
833 1074 1005 1162 postquam
1033 1072 1212 1138 secundam
1244 1067 1405 1135 conditio

303 1157 536 1230 nemterreni
549 1157 698 1238 hominia
719 1157 863 1223 delimo
886 1169 1012 1231 terrae,
1050 1171 1256 1222 caeterorum
1276 1151 1405 1218 anima·

302 1239 387 1305 lium
418 1239 653 1315 similitudine,
694 1239 730 1306 in
763 1241 907 1305 animam
935 1240 1105 1304 viventem
1127 1237 1335 1303 introducite
1369 1257 1407 1298 ue

302 1323 446 1409 primam
469 1324 702 1390 conditionem
725 1327 768 1392 ad
788 1324 968 1410 imaginem
988 1325 1056 1388 ‘Dei
1070 1323 1308 1386 ¹introductam
1323 1319 1407 1382 aedi·

303 1423 429 1483 marea,
451 1407 555 1496 ipsam
579 1407 722 1494 primam
745 1409 874 1473 seorsim
897 1400 1036 1474 addidit.
1064 1409 1284 1471 Plantaoerat
1302 1417 1406 1486 autem
1442 1447 1443 1486 ,

121 1519 125 1527 ¹
165 1511 168 1519 ’
237 1548 239 1558 ,
302 1493 472 1557 Dominus
503 1495 598 1556 Deus
628 1489 818 1578 paradisum
840 1493 1025 1573 uoluptatis
1047 1493 1080 1554 iu
1101 1492 1275 1573 principio.
1317 1487 1406 1550 Act
1442 1491 1443 1564 1

305 1574 449 1642 dicerett
470 1575 550 1640 Noli
571 1573 714 1662 primam
735 1575 992 1650 conditionem,
1015 1575 1051 1638 iu
1064 1595 1115 1638 eo
1137 1577 1229 1660 quod
1252 1569 1407 1668 scriptum
1442 1611 1443 1624 2

305 1657 368 1731 est,
401 1673 436 1723 et
451 1652 574 1750 factus
603 1659 651 1746 ast
670 1663 763 1725 homo
785 1665 819 1723 in
837 1663 979 1722 andnam
998 1663 1181 1733 uiuentem,
1211 1655 1321 1734 intelli
1347 1673 1408 1727 ete,
1442 1661 1443 1702 ἐ

135 1809 138 1819 ,
236 1747 238 1750 ’
304 1741 361 1804 sed
381 1743 571 1808 sectandam.
613 1741 760 1808 Primam
782 1759 894 1808 autem
915 1742 951 1806 in
975 1743 1185 1828 plantatione
1204 1675 1346 1826 paradifi
1360 1737 1409 1798 in-

304 1822 441 1912 tellige,
483 1827 651 1912 plantavit
679 1826 840 1912 liquidem
873 1831 964 1900 Deua
993 1825 1181 1912 paradisum
1213 1821 1408 1906 voluptatia,

304 1910 371 1971 boc
400 1909 461 1984 est,
499 1913 680 1974 humanam
707 1925 860 1973 naturam
888 1910 925 1974 in
949 1909 1079 1976 deliciia
1101 1903 1412 1984 aeternaeselicita·

304 1988 368 2088 tia..
402 1994 446 2055 Et
471 1992 531 2056 ubi
553 1993 786 2079 plantaverat?
828 1995 866 2058 lu
888 1991 1059 2080 principio
1081 1990 1257 2063 videlicet,
1286 1987 1412 2072 inquo

304 2073 387 2136 lectt
407 2077 498 2139 Deua
520 2081 652 2140 coelum
675 2091 709 2140 et
732 2092 861 2141 terram.
898 2081 1033 2140 Intuere
1054 2076 1123 2139 vim
1146 2077 1336 2137 verborum.
1371 2074 1411 2132 ln

302 2157 448 2221 secunda
472 2160 671 2224 conditione
690 2162 794 2225 verbo
810 2160 981 2245 praeteriti
994 2157 1137 2246 perfecti
1153 2160 1318 2244 propheta
1332 2154 1410 2216 nsua

304 2237 364 2314 est,
394 2243 515 2307 Factus
544 2243 608 2336 est,
638 2243 768 2329 inquit,
800 2247 894 2308 homo
927 2249 961 2307 in
989 2248 1131 2307 animam
1159 2245 1343 2304 uiuentem:
1372 2235 1410 2298 in

247 2363 250 2370 ·
302 2321 410 2407 prima
432 2347 512 2390 vero
533 2331 637 2392 verbo
656 2325 829 2412 praeteriti
850 2329 1027 2414 plusquam
1048 2323 1207 2413 perfecti,
1236 2324 1413 2387 uanam.

304 2421 360 2468 7⁰2
387 2411 552 2482 Dominus
580 2413 677 2476 Dans
702 2410 916 2500 paradisum,
951 2425 991 2472 ut
1020 2427 1241 2496 cognosceres
1268 2401 1408 2490 primam

306 2487 472 2576 dignitate
499 2509 533 2564 et
554 2494 794 2568 beatitudine,¹
815 2515 885 2559 non
908 2509 1021 2557 autem
1043 2509 1194 2588 tempore
1256 2490 1410 2550 accedere

304 2572 502 2640 secunduma
532 2576 567 2640 in
623 2600 664 2641 ua
691 2577 798 2663 prima
822 2592 933 2640 tantae
954 2573 1198 2660 spiritualitatis
1244 2589 1321 2635 omo
1343 2570 1410 2632 fae·

304 2672 372 2732 rat,
395 2673 434 2721 ut
454 2659 557 2723 nullia
578 2599 689 2724 uibus
711 2659 934 2745 corporalium
955 2658 1111 2723 sensuum
1132 2656 1319 2742 indigeret,
1353 2653 1407 2714 sed

304 2741 375 2806 solo
397 2741 643 2830 intelligentiae
664 2741 777 2807 officio
800 2745 977 2808 frueretur.
1020 2743 1123 2828 Quod
1145 2753 1256 2805 autem
1279 2737 1408 2800 sanctur

303 2825 491 2890 Ambrosius
513 2827 663 2900 testatur,
686 2825 819 2890 dicent:
841 2830 911 2902 „Et
931 2825 1038 2924 aperti
1061 2825 1151 2902 sunta
1175 2826 1299 2908 inquit,
1320 2815 1407 2914 oculi

241 2981 246 2991 ¹
304 2925 505 3056 affimat?
524 2909 1130 3068 stti’sdlt‘lld‘lltltl·
1148 2910 1408 3076 diffidis}

302 3073 389 3137 nudi
419 3091 514 3138 erant
533 3091 671 3162 propter
691 3096 823 3160 morum
844 3075 1108 3160 simplicitatem,
1144 3089 1178 3138 ct
1222 3075 1291 3135 uod
1312 3065 1408 3132 amic·

303 3169 377 3254 tum
399 3155 525 3222 scandit
546 3177 665 3223 natura
685 3160 837 3224 nesciret
889 3161 990 3222 Nunc
1013 3171 1125 3222 autem
1146 3095 1262 3220 muitia
1283 3151 1409 3215 simula·

303 3252 438 3302 tronum
467 3239 656 3306 involucris.
684 3263 778 3306 mena
811 3244 962 3306 humana
987 3242 1127 3305 velatur.
1169 3240 1260 3325 Ergo
1288 3235 1408 3322 pollea-

304 3341 405 3420 guam
434 3323 592 3421 spoliator
621 3327 653 3388 se
674 3324 738 3387 illa·
751 3325 940 3470 finceritatp
961 3345 999 3388 ac
1020 3319 1230 3422 fimplicitate
1249 3318 1410 3466 vdiderunp

302 3419 977 3578 tlsttt,destitittltttt'ta
992 3419 1405 3573 lltt‘t‘tttttrt'ffli.

303 3586 340 3636 et
369 3575 609 3640 obumbrarent
638 3513 784 3662 genitaie
804 3573 979 3640 secretum.
1020 3575 1107 3639 Nam
1129 3573 1304 3658 quomodo
1326 3569 1410 3660 clap·

302 3655 354 3722 soa
386 3657 503 3723 oculor
533 3657 683 3746 corpori·
709 3655 831 3723 babuit
853 3661 978 3730 Adam,
1011 3655 1070 3746 qui
1091 3655 1205 3721 omnia
1228 3654 1410 3719 animantia

301 3737 390 3838 vidit
411 3756 446 3805 et
466 3741 533 3807 allia
552 3763 678 3808 nomen
700 3740 891 3828 imposuit?
908 3743 1080 3830 quomodo
1103 3737 1293 3828 cognovit?
1323 3739 1406 3799 tnta

300 3841 392 3888 nore
413 3823 622 3892 videlicetet
649 3823 767 3890 altiore
794 3824 956 3902 scientia,
978 3847 1050 3890 non
1072 3824 1224 3900 tunicam
1246 3818 1324 3892 tbi.
1352 3813 1405 3876 led

303 3903 467 3972 virtutum
493 3910 599 3975 deassa
617 3908 818 3976 velamina.”
859 3911 990 3974 Eodem
1010 3906 1117 3995 igitur
1136 3905 1240 3972 niodo
1279 3919 1323 3962 oo
1339 3917 1405 3961 om·

304 3981 362 4082 qi!
383 3988 537 4084 mimalia
558 3991 663 4069 uidit,
684 3993 777 4058 suam
797 3993 986 4058 nuditatem
1008 3991 1188 4078 cognovit,
1223 3927 1294 4049 scio
1315 3980 1404 4044 vide

186 4087 191 4094 ·
303 4067 385 4132 lacet
405 4071 574 4138 tauriana
596 4073 756 4140 scientiae
775 4073 984 4160 simplicique
1004 4070 1127 4138 mentia
1143 4070 1260 4144 oculo,
1282 4067 1341 4132 aba
1364 4079 1404 4156 tte¹

305 4153 487 4240 corporalia
507 4156 725 4245 mortaliaque
744 4155 856 4224 sensata
877 4155 1013 4223 auxilio.
1055 4151 1119 4220 Ubi
1143 4155 1242 4220 datur
1260 4085 1401 4226 intuitu
