2930 4982
493 232 602 304 latter
621 233 783 316 Qtrintm
1115 232 1194 304 4ὄό

74 417 153 483 liter
174 413 329 480 moveris
359 411 479 482 eodem
499 419 602 482 modo
625 411 868 483 catholicorum
892 413 1069 484 dootoruin
1092 416 1192 482 tradi-

75 503 126 566 tio
157 497 354 564 dillirniliter
384 497 495 564 lentit.
538 495 691 567 Primum
712 500 850 588 quidem
871 503 981 586 Deum
1003 504 1109 566 solum
1131 505 1191 588 pe'r
1233 507 1236 514 “

77 584 233 670 teipsum·
253 581 322 646 fine
351 585 427 647 loeo
457 599 492 648 et
512 599 664 670 tempore
685 587 814 650 moveri
836 585 960 670 absque
981 587 1049 650 ulla
1070 585 1191 649 diacre·

74 667 194 756 pantia
223 665 464 753 dogmatizant.
508 670 561 731 De
596 684 795 735 motuvero
817 665 997 754 spiritualia
1020 684 1192 733 creaturae

74 749 189 832 omn'v
231 748 390 814 materiae
413 751 634 836 -corpulentia
665 751 790 816 liberae
818 749 995 816 nonnullis
1024 753 1192 816 diffonant

74 831 229 900 theoriis.
275 833 423 917 Quidam
454 832 581 899 etenim
608 833 717 920 ipsum
752 835 822 899 solo
853 851 1004 920 ternpore
1025 835 1095 898 line
1113 837 1191 898 loco
1271 881 1275 887 .

75 917 207 982 moveri
230 915 412 990 affirmant,
438 939 574 982 ornnem
596 938 678 982 vero
695 919 901 1004 corporalem
920 934 1105 992 creaturam
1118 937 1191 982 non
1286 941 1289 948 ¹

75 1003 186 1066 solum
197 999 454 1086 temporaliter,
479 1023 602 1066 verum
621 1000 726 1069 etiam¹
743 1001 895 1066 localiter
912 1000 1110 1066 mutabilem
1127 1000 1192 1065 elle
1255 1065 1256 1068 ,

73 1105 147 1148 non
184 1083 372 1170 incongrue
405 1083 620 1150 arbitrantur.
671 1088 750 1150 Non
782 1084 831 1149 ibi
860 1101 978 1149 omnes
1005 1084 1191 1148 dillonantt

73 1187 220 1255 quorum
253 1165 438 1231 sententiae
469 1171 593 1233 Beatus
614 1167 816 1255 Augustinus
837 1168 945 1244 favet,
982 1171 1025 1231 de
1046 1171 1120 1237 Deo
1141 1169 1190 1231 lo·
1273 1169 1307 1232 '.

74 1271 203 1336 quens:
227 1255 367 1319 Movet.
389 1250 524 1337 inquit,
538 1247 689 1345 seipsum
700 1250 779 1341 fine
797 1253 924 1318 loco'st
938 1265 1102 1334 tempore,
1125 1273 1190 1314 mo·
1246 1275 1274 1288 ·‘

73 1347 135 1398 vet
155 1335 322 1399 conditum
334 1329 496 1424 spiritum
516 1359 578 1418 per
597 1351 727 1418 tempus
738 1333 817 1420 stne
837 1337 929 1408 loco,
951 1349 1192 1416 movencorpns

72 1439 136 1500 per
165 1432 295 1499 tempus
324 1432 358 1479 et
385 1419 498 1486 luerent.
545 1418 611 1484 Alii
634 1421 851 1485 vero'locum
873 1433 906 1482 et
928 1423 1091 1505 tempus..
1112 1418 1190 1481 teste

45 1569 48 1581 ,
76 1499 228 1564 Maximo
252 1500 288 1566 in
306 1501 505 1587 almbiguis,
544 1503 744 1588 Gregoriurn
767 1505 982 1599 Theologum
1003 1495 1191 1587 loquenten,
1218 1553 1233 1574 ‚

74 1583 309 1670 inseparabilia
342 1585 404 1649 elle
433 1585 671 1656 incunctanter
700 1587 868 1662 astruunt,
909 1607 946 1648 sn
976 1601 1126 1659 tantum;
1154 1597 1193 1646 ut

76 1690 171 1733 omne
195 1669 381 1750 ¹temporale
410 1669 513 1732 locale
523 1666 594 1758 fit,
624 1684 659 1733 et
679 1667 855 1760 ceraverflm
877 1687 971 1734 omne
990 1669 1092 1735 locale
1113 1682 1192 1732 tem·
1248 1665 1251 1670 ’

73 1753 213 1836 parate.-
232 1763 270 1814 et
288 1751 376 1815 nullo
400 1754 495 1817 modo
517 1759 551 1817 in
571 1767 692 1817 nattam
712 1775 818 1816 rerum
840 1756 999 1827 inveniri,
1034 1753 1122 1838 quod
1131 1747 1192 1845 so·
1283 1759 1287 1780 '

77 1838 277 1917 intempore
290 1833 367 1924 stne
390 1837 476 1909 loeo,
498 1839 553 1900 vel
562 1833 646 1926 solo
660 1839 730 1902 loen
747 1834 818 1923 stne
839 1851 986 1918 terrrpore
1006 1831 1109 1935 poffit
1127 1857 1192 1900 aro·

76 1924 159 1986 veri.
201 1919 271 1982 Sed
292 1917 374 2005 quid
397 1923 517 1984 horum
540 1919 802 2004 convenientius
825 1923 1012 1985 tenendum
1035 1924 1094 1992 bt.
1118 1939 1191 1982 non
1245 1925 1248 1933 '

76 2004 120 2068 est
140 2001 289 2067 nostrum
311 2001 499 2080 dijudicari.
522 2004 782 2090 Unusquisque
812 1993 855 2068 de'
875 2003 997 2068 talibus
1019 2003 1207 2101 disputan·'

77 2087 165 2150 tium
193 2084 282 2149 intra
309 2085 452 2172 seipsum
486 2087 665 2172 deliberet,
699 2087 781 2174 quid
809 2085 868 2151 libi
888 2085 1124 2151 rationabilius
1145 2085 1198 2147 se-·

99 2170 251 2234 nendum
285 2168 342 2232 litt
377 2191 441 2233 nos
472 2185 584 2234 autem
615 2173 789 2236 redeamus
822 2173 863 2234 ad
884 2171 1102 2257 propositum.
1145 2169 1190 2232 D.
1243 2230 1253 2240 ,

77 2193 186 2320 dante
223 2271 262 2316 ac
293 2249 485 2337 vigilanter.
541 2253 741 2318 Non·enim
771 2255 930 2318 debenaus
955 2256 995 2317 de
1017 2249 1193 2317 sententiis
1206 2270 1213 2310 ·.
1293 2315 1301 2326 ,

76 2357 277 2423 magnorum
300 2351 334 2397 et
356 2335 601 2402 venerabilium
613 2335 764 2400 virorum
774 2349 906 2410 ,temere
920 2335 1080 2414 judicare.
1103 2337 1190 2398 Nam

68 2420 99 2484 ·fi
128 2441 237 2482 unum
270 2415 454 2484 dixerimus
483 2420 609 2483 rectius
641 2419 783 2494 familie,
821 2419 1013 2483 videbimur
1049 2421 1191 2482 alterum

76 2589 124 2650 let
144 2585 290 2649 evenire.
397 2605 400 2612 ·
502 2601 506 2611 ·
602 2617 611 2640 s
1341 2637 1351 2646 .
1389 2616 1395 2636 ι

142 2681 191 2766 38.
222 2669 271 2752 M.
307 2669 429 2732 Nullus
449 2668 518 2753 pis
544 2682 644 2753 atque
674 2665 840 2731 catholice
866 2661 1190 2752 philosophantium,
1291 2740 1318 2748 ..

81 2751 285 2838 divinaeque
307 2751 489 2837 scripturae
511 2749 672 2814 virtutem
695 2747 978 2814 considerantium
998 2745 1130 2821 dixerit,
1152 2760 1193 2809 ut

61 2836 220 2920 μυρίῃσι,
242 2835 374 2899 looa'et
395 2847 461 2898 tem
490 2855 545 2897 ora
571 2849 649 2896 ante
670 2835 835 2896 mundum
858 2830 964 2895 inille.
1008 2835 1051 2897 D.
1067 2830 1191 2908 lllbaec

79 2917 295 2984 credentibus
318 2933 353 2981 et
373 2859 643 3008 inteliigentibus
665 2938 735 2981 non
756 2913 1027 2981 contradixerim.
1061 2909 1192 2977 Sanilfi·

76 3024 130 3066 me
161 3003 251 3064 enim
289 3003 458 3077 credunt,
488 3019 523 3064 et
543 2999 711 3086 puriffime
732 2997 940 3086 intelligunt.
985 2997 1078 3084 Quid
1098 2995 1193 3062 enim

104 3089 296 3149 raecederet
316 3088 481 3148 mundum
503 3084 565 3147 nili
588 3085 653 3146 sola
676 3083 874 3156 aeternitaa;
895 3081 1090 3168 praesertim
1112 3101 1192 3144 cum
1287 3141 1290 3149 ,

80 3109 240 3255 ioriptum
262 3169 300 3230 fit
320 3173 429 3230 omnia
449 3171 483 3231 in
505 3170 664 3232 nroriaanto
685 3171 769 3238 oculi
780 3159 887 3257 facta
898 3160 1008 3258 sunt?
1030 3171 1121 3229 Loca
1135 3185 1192 3226 au·
1215 3234 1219 3242 Ι

80 3267 148 3316 tem
173 3268 207 3316 et
229 3267 379 3336 tempora
402 3253 439 3317 in
464 3248 606 3316 numer'o
631 3251 784 3336 omniurn
807 3251 893 3314 sunt.
935 3253 1029 3318 ltem.
1056 3251 1122 3343 Qui
1141 3249 1191 3310 vi-

77 3340 130 3399 vit
161 3341 195 3399 in
223 3350 390 3398 aeternum
424 3339 553 3399 creavit
574 3332 803 3421 omninfimul.
846 3333 1016 3417 M.'.Quid
1040 3353 1118 3418 ergo
1144 3329 1203 3395 di·¹
1253 3408 1256 3417 Ι

7 3449 15 3460 ·
79 3441 214 3494 cemus,
245 3418 268 3481 [ι
299 3420 373 3484 loca
405 3435 439 3482 et
470 3433 719 3504 tenrporauute
739 3420 906 3482 mundum
927 3439 998 3481 non
1019 3417 1114 3480 fuere
1134 3415 1193 3480 led
1238 3444 1240 3449 ¹

78 3503 146 3568 iola
169 3501 348 3567 aeternitas
370 3503 479 3589 ipsum
501 3501 691 3589 praecellit:
716 3498 872 3586 nunquid
893 3501 1069 3565 verifimile
1090 3498 1134 3562 ett
1150 3509 1192 3558 ut
1251 3554 1257 3574 Χ
1339 3543 1342 3558 .

80 3589 200 3652 eodem
221 3589 324 3650 modo
348 3589 521 3651 credamus
544 3586 697 3684 neefpoll
720 3587 887 3649 mundum
907 3579 1123 3648 remansura?
1154 3575 1196 3654 si,

80 3670 173 3735 enim
207 3667 243 3732 in
273 3669 489 3734 univerfitate
519 3671 640 3734 munda
670 3671 744 3733 loca
767 3682 800 3729 et
823 3681 973 3751 tempora
995 3676 1193 3748 cumputan-

81 3769 155 3842 tur,
192 3754 422 3840 qua·ratione
451 3755 560 3819 solato
588 3754 717 3818 mundo
749 3749 1023 3836 permanebunt?
1062 3750 1191 3811 Totum

80 3839 244 3924 liquidem
267 3854 325 3901 aut
346 3836 733 3908 universaliter‘manen
757 3849 815 3897 aut
835 3829 1068 3898 universaliter
1083 3828 1190 3916 perit:
1296 3833 1302 3858 ¹

82 3939 121 3985 ut
150 3937 272 3988 autern¹
296 3945 335 3985 ex
355 3937 450 4008 parte
471 3935 625 3997 maneat,
657 3933 715 3982 aut
735 3939 775 3981 ex
795 3930 895 4003 parte
912 3929 1027 3997 pereat
1048 3907 1192 4001 impolli-

80 4005 150 4070 bile
171 4006 225 4068 eil.
272 4004 308 4090 §i
330 4005 421 4070 enim
445 4027 611 4090 unapars
633 4025 671 4067 ex
693 4014 766 4086 toto
788 3997 944 4086 perierit,
973 4015 1083 4064 totum
1106 3998 1193 4062 inte·

80 4089 135 4157 rit.
178 4091 253 4152 Una
274 4111 421 4176 namque
444 4091 573 4167 den'tta,
595 4101 705 4153 toturn
727 4105 798 4150 non
820 4082 882 4150 elit
910 4081 1059 4152 timiliter
1080 4081 1104 4147 li
1123 4100 1214 4146 una·

1164 4189 1169 4214 Ι

76 2497 248 2575 refellerit
284 2521 369 2588 quae
389 2501 534 2567 maxima
555 2518 588 2564 et
608 2501 826 2586 promtiffima
847 2503 944 2566 caula
964 2501 1123 2587 litigandi
1144 2500 1191 2562 so·

1156 4289 1170 4318 5
1234 4295 1235 4298 ,
