2854 4978
269 242 353 318 lSO'
517 189 519 194 Ι
599 242 653 314 lle
671 243 855 320 ditabitur
874 239 1048 318 Naturae.

263 403 330 500 'net
350 429 491 506 locum?
518 449 585 496 uec
602 428 794 506 immerito.
815 431 898 494 dum
917 429 957 494 fir
976 427 1183 520 principium
1204 431 1347 520 omnium,

238 532 315 595 ,et
331 512 563 603 inseparabilia
591 517 632 581 ab
660 513 754 579 omni
779 512 972 586 diversitate
1002 535 1103 604 quam
1131 513 1293 593 condidit,
1321 531 1349 582 et

269 599 338 668 fine
380 619 427 664 uo
448 599 619 688 subditura
634 597 793 664 conditor
812 617 882 662 non
904 599 1021 686 potelb
1052 603 1091 664 ln
1112 598 1288 689 iplo‘euim
1299 599 1350 664 iiu-

266 699 362 752 muta
387 684 397 701 ’
414 681 423 698 '
441 703 477 748 er
496 700 532 748 et
552 680 765 748 edentialiter
784 681 863 746 tuni
884 680 1017 760 omnia,
1044 696 1080 746 et
1098 681 1169 770 iple
1190 681 1233 748 eb
1251 681 1350 748 divido

269 781 304 835 et
332 763 716 836 collectlb'uuiversalie
743 781 930 852 creaturae),
966 781 999 831 et
1020 785 1145 854 genua,
1179 782 1212 831 et
1230 765 1246 829 l
1266 765 1350 842 eoiee,

267 869 303 918 et
323 865 511 930 totamm
530 873 623 940 paro,
646 853 727 915 dum
749 848 875 917 nullius
897 851 936 914 sit
951 852 1007 914 vel
1022 871 1152 938 geum,-
1165 853 1218 919 rel
1233 789 1352 936 ffpeciea¹

265 938 479 1014 lauretum,
502 936 560 1002 seu
580 957 675 1022 pare,
697 934 762 998 sed·
775 937 857 998 haec
878 933 992 998 omnia
1014 949 1054 997 ex
1071 934 1159 1034 ipso,
1183 949 1217 997 et
1235 931 1351 1019 inipso,

266 1023 375 1086 et³'ad
395 1019 525 1108 iplum,
558 1019 647 1084 nint.
689 1020 776 1082 Nam
798 1033 839 1081 et
851 1025 970 1083 monae
991 1015 1199 1105 principium
1217 1036 1357 1082 numero·
1412 1075 1413 1090 ,

264 1125 341 1170 runi
363 1103 622 1204 est‚›primaque
642 1099 842 1189 progreffio‚
865 1115 899 1164 et
921 1104 961 1166 ab
985 1123 1021 1166 ea
1044 1100 1199 1184 omnium
1216 1119 1355 1164 numero·
1409 1157 1411 1192 j

263 1191 349 1254 ium
368 1188 541 1275 pluralitas
568 1189 724 1264 inchoat,
756 1187 1009 1272 eorundemque
1032 1184 1165 1270 reditur
1187 1200 1285 1272 atque
1301 1181 1357 1247 col·
1411 1241 1412 1252 ,

262 1270 427 1338 tertioue
441 1271 761 1337 ea·''conluminatur.
804 1267 979 1366 Siquidem
1005 1289 1123 1333 omues
1144 1267 1276 1333 numeri
1294 1263 1358 1329 uni·
1410 1321 1411 1328 ,

263 1355 435 1434 verialiter
457 1369 491 1419 et
511 1351 834 1420 incommutabiliter
853 1373 892 1416 iu
913 1356 1059 1418 monade
1074 1351 1261 1428 subsistunt,
1283 1365 1314 1414 et
1326 1347 1358 1410 iu
1410 1349 1412 1416 ἶ

264 1438 423 1508 omuibus
451 1438 499 1503 ei'a
521 1453 650 1514 totuin,
682 1451 716 1501 et
736 1457 812 1536 para
834 1435 899 1511 ell3
931 1453 965 1502 et
986 1435 1093 1502 totiue
1115 1433 1285 1501 divifionia
1305 1429 1360 1522 pri

262 1521 454 1601 mordium3
485 1524 566 1588 dum
586 1522 627 1585 sit
646 1519 717 1607 ipsa
738 1541 775 1582 in
798 1518 918 1606 seipsa,
950 1541 1061 1607 neque
1081 1540 1244 1584 numerue
1263 1537 1360 1604 neque
1410 1573 1412 1582 ,

288 1627 338 1670 are
360 1610 458 1686 eiua.=
483 1607 612 1682 Eadem
632 1604 719 1668 ratio
742 1603 786 1666 cst
805 1601 915 1666 centri
935 1603 973 1668 in
995 1602 1123 1669 circulo
1145 1604 1204 1667 len
1221 1603 1362 1701 lpliaera;

261 1627 367 1775 igni,
390 1689 436 1752 in'
449 1688 575 1776 figurar
622 1685 737 1762 uncti,
758 1686 797 1750 in
820 1682 921 1750 linea.
955 1687 1044 1752 Cum
1058 1685 1167 1774 igitur
1178 1701 1285 1752 totius
1299 1683 1363 1748 uui-

260 1771 422 1837 verfitatie
446 1772 562 1837 divisio
585 1711 625 1835 al
646 1770 747 1857 ipfiue
771 1771 869 1834 causa
892 1773 930 1834 et'
948 1769 1108 1835 creatrice
1126 1768 1284 1857 incipiat,
1301 1787 1365 1832 nou

261 1875 336 1920 eam
362 1855 471 1918 veluti
499 1853 643 1942 primam
673 1867 803 1940 partem
824 1855 879 1918 vel
900 1853 1047 1939 speciem
1069 1856 1235 1919 debemur
1255 1847 1366 1917 intelli·

261 1954 356 2026 gere,
378 1938 436 2002 led
457 1939 496 2003 ab
520 1960 558 2003 ea
581 1959 717 2002 omnem
739 1935 937 2003 divisionem
952 1953 986 2002 et
999 1936 1225 2026 partitionem
1241 1935 1366 2002 inchoa-
1412 1999 1415 2006 ,

151 2069 159 2078 .
260 2041 317 2097 re;
348 2020 510 2108 quoniam
540 2019 650 2086 omnia
679 2019 904 2085 universitatis
924 2020 1136 2107 principium
1158 2019 1223 2097 est,
1258 2033 1292 2084 et
1311 2038 1369 2084 me

261 2103 375 2182 diurn,
407 2119 442 2168 et
470 2101 559 2168 linia.
600 2106 645 2168 Et
672 2106 754 2169 dum
779 2107 863 2168 hae'c
892 2107 934 2168 de
966 2126 1005 2169 ea
1026 2119 1061 2168 et
1081 2103 1322 2192 praedicantur
1339 2115 1369 2164 et
1414 2105 1415 2172 j

258 2185 516 2274 intelliguntur,
539 2187 607 2252 hoc
629 2187 690 2264 est,
713 2190 793 2253 dum
815 2187 853 2252 in
876 2186 1097 2252 divisionibus
1118 2187 1372 2254 universitatum
1415 2189 1416 2196 ’

257 2270 406 2356 primum
426 2272 539 2335 locum
563 2271 735 2346 obtineat,
757 2291 859 2336 nemo
881 2287 995 2337 tamen
1018 2271 1061 2336 est
1080 2269 1143 2358 pie
1165 2267 1370 2337 credentium

260 2369 296 2418 et
326 2353 503 2419 veritatem
534 2352 818 2501 intellipeutiui'm
852 2352 914 2500 pui
935 2375 1006 2420 non
1028 2353 1224 2432 contiuuo,
1259 2355 1373 2440 ubique

257 2437 328 2501 ulla
349 2435 568 2516 cunctatione
584 2459 644 2502 exc
658 2453 763 2512 amet,
787 2459 918 2504 cauam
934 2437 1040 2503 totiua
1053 2437 1291 2506 uuiverfitatia
1302 2457 1373 2501 cou-

259 2519 349 2584 ditae
370 2519 582 2597 creatricem,
605 2521 890 2607 supernaturalem
907 2521 979 2598 effe,
1003 2537 1039 2584 et
1056 2519 1372 2610 supereffentitlem,

255 2616 293 2666 et
322 2604 419 2690 [upra
446 2624 582 2668 omnem
602 2604 729 2682 vitam,
765 2620 800 2668 et
819 2603 1040 2704 sapientiam,¹
1072 2621 1110 2669 et
1131 2604 1320 2681 virtutem,
1347 2617 1377 2666 et

257 2686 355 2772 lupia
377 2686 492 2751 omnia
515 2703 600 2774 quae
624 2686 785 2752 dicuntur
806 2704 840 2752 et
859 2687 1118 2786 intelliguntur,
1144 2705 1183 2754 et
1199 2687 1297 2756 omui
1313 2687 1376 2750 sen·

255 2771 293 2832 iu
314 2770 569 2856 percipiuntur:
592 2773 674 2836 dum
693 2771 733 2836 fit
752 2774 875 2836 horum
897 2778 1050 2836 oninium
1071 2770 1195 2870 princi
1223 2773 1299 2838 ium
1311 2792 1379 2836 cau·

257 2853 339 2928 sale,
362 2869 397 2918 et
416 2852 568 2920 medium
589 2851 735 2942 implens
758 2853 942 2930 edendae,
966 2869 1001 2918 et
1023 2854 1103 2920 linia
1125 2797 1377 2927 coniummtnti

256 2953 463 3022 omnemque
491 2953 625 3002 motum
653 2937 854 3014 stabilitant,
894 2936 1119 3026 quietumque
1155 2939 1314 3014 facient,
1351 2951 1382 3001 et

257 3016 403 3082 ambitus
425 3019 540 3083 omnia
561 3023 765 3105 quaesunt,
789 3037 823 3085 et
843 3043 928 3106 quae
949 3041 1020 3085 uon
1043 3021 1146 3098 suut,
1173 3020 1381 3090 circumscri-

254 3103 351 3166 bens.
394 3105 438 3165 D.
473 3101 536 3166 Hie
565 3105 651 3166 altae
678 3118 864 3190 cautaeque
884 3103 1166 3171 ratiocinationis
1190 3103 1382 3173 collocatio·

254 3181 358 3248 nibue
380 3183 526 3248 libenter
537 3188 639 3260 cedo,
665 3207 704 3250 ac
716 3186 910 3254 verifimilea
927 3207 980 3251 eae
997 3192 1157 3286 approbo
1167 3212 1180 3267 ;
1206 3192 1268 3257 sed
1283 3189 1384 3279 priua·

255 3285 358 3352 quam
373 3269 431 3331 ·ad
453 3269 709 3334 considerandos
728 3270 871 3336 effectui
891 3267 1175 3357 primordialium
1199 3274 1384 3343 causatum,

255 3369 298 3414 ex
326 3347 448 3436 quibua
476 3351 622 3416 inanime
650 3353 759 3439 prima
789 3351 943 3418 omnium
965 3370 1000 3419 et
1020 3374 1089 3418 una
1114 3357 1278 3424 creatrix
1297 3353 1389 3423 cauit

255 3431 339 3497 solet
355 3432 585 3512 denominari,
609 3439 758 3512 accedat,
781 3435 937 3503 ordinem
951 3440 1149 3504 naturalem
1164 3463 1291 3508 eanum
1302 3437 1388 3506 noffe

254 3517 440 3594 convenit,
467 3521 581 3583 adhuc
608 3517 700 3584 enim
720 3517 854 3586 mixtim
875 3519 1145 3608 indistincteque
1169 3523 1391 3593 introductu

254 3599 318 3663 effe
346 3599 511 3679 arbitron
541 3621 622 3667 nam
644 3601 683 3667 ui
705 3603 803 3669 fallor
823 3607 865 3669 ad
885 3625 1002 3670 earum
1022 3601 1303 3698 effectuumque
1324 3608 1391 3670 luo·

252 3703 327 3746 rum
348 3685 533 3771 perfectam
553 3683 712 3752 notitiam
732 3707 804 3756 uon
826 3689 998 3754 mediocre
1020 3685 1205 3761 auxilium
1231 3709 1392 3784 quaereu-

252 3763 344 3828 tibua
373 3767 566 3852 praestabit,
599 3767 624 3832 fi
675 3768 746 3854 ripa
766 3771 927 3836 naturalia
950 3772 1052 3847 urdo,
1086 3795 1170 3861 quo
1195 3798 1219 3842 a
1242 3790 1394 3844 creatore

252 3847 413 3948 cpnditae
440 3851 538 3926 sunt,
568 3793 760 3918 luculenter
778 3853 968 3942 patefactus
990 3852 1109 3918 fuerit.
1162 3861 1222 3925 M.
1248 3859 1394 3926 Primor-

252 3930 394 4027 dpahum
415 3934 588 3999 causarum
608 3934 726 4002 seriem
747 3935 884 4002 divinae
904 3937 1154 4024 providentiae
1175 3943 1398 4012 folerainve

226 4009 386 4107 ¹lligiitot
414 4015 557 4102 Sanctus
577 4017 758 4103 Dionyfiua
779 4019 1000 4109 Areopagita,
1035 4019 1074 4086 in
1099 4021 1206 4093 libro
1233 4031 1283 4092 de
1303 4021 1396 4092 nivi·

200 4105 205 4118 '
250 4095 536 4196 uianotuinibue,
562 4099 724 4200 aptiffinie
747 4102 1105 4192 disposuit31ummae
1132 4107 1324 4200 fiquidcm
1343 4109 1398 4174 bo·

250 4193 368 4252 nitetis
388 4203 475 4270 quae
495 4185 623 4250 nulline
642 4185 828 4278 particepa,
860 4185 1022 4278 quoniam
1041 4207 1110 4276 peu·
1136 4191 1178 4262 se
1202 4193 1324 4284 ipsam
1343 4194 1399 4257 bo·
