2922 4978
167 257 171 270 ’
304 237 388 342 404
637 268 693 337 De
712 265 893 336 nacione
913 261 1085 336 Naturane.
1152 271 1155 276 '

240 520 243 536 δ
309 453 402 522 enim
423 455 522 542 supra
540 453 575 518 se
594 450 677 518 solia
700 451 843 528 consuit,
867 449 926 540 qus
941 451 1076 536 eulpam
1092 449 1201 514 velare
1213 447 1393 526 desderana.

309 548 370 605 aut'
389 537 561 604 diabolum
583 533 697 602 delicti
717 551 882 602 memorat
902 549 1090 609 auctorem,
1116 547 1175 597 aut
1194 531 1293 598 carnia
1309 555 1396 622 prae·

283 689 285 698 J
308 622 420 689 tendit
451 620 640 696 illecebrae,
676 635 735 684 aut
756 619 861 684 alium
882 616 1073 708 quempiam
1095 615 1309 705 persuasorem
1326 637 1396 704 pro·

309 705 362 772 dit
393 703 523 770 erroris.
565 707 611 768 Et
639 706 681 768 de
710 702 881 802 scripturis
912 699 1036 767 divinia
1069 700 1255 787 frequenter
1302 699 1396 764 romit

307 791 458 876 exempla
511 785 611 852 uibut
640 785 740 867 jullea
773 809 810 852 ιη
832 787 965 873 culpam
986 785 1143 873 perhibet
1162 782 1229 848 inci
1254 783 1323 861 'e,
1354 783 1396 848 di·

307 893 408 939 cenet
442 871 466 935 st
487 810 574 936 sorte
594 868 630 934 in
652 869 770 969 stupris
792 870 896 934 suerit
914 869 1157 956 deprehensum
1192 883 1225 932 et
1243 869 1397 933 Abraham

304 975 385 1022 eum
407 952 528 1020 ancilla
550 955 750 1041 procubuit,
774 969 808 1018 et
828 952 939 1019 David
961 951 1103 1018 alienam
1121 949 1328 1018 adamavitet
1341 948 1395 1015 fibi

307 1037 426 1106 aseivit
459 1058 608 1102 uxorem.
659 1037 764 1102 Assuit
798 1038 888 1104 enim
917 1040 1080 1127 quaedam
1108 1035 1209 1113 solia,
1246 1036 1397 1123 quaedam

305 1123 458 1209 exempla
485 1124 526 1185 de
556 1121 829 1208 propheticarum
857 1122 940 1186 serie
970 1121 1227 1208 scripturarum,
1259 1120 1396 1184 fructum

305 1225 421 1271 earum
447 1226 519 1269 non
546 1218 670 1292 putane
697 1205 948 1291 requirendum.
1007 1205 1131 1270 Nonne
1159 1201 1222 1268 tibi
1250 1202 1397 1268 videntur

306 1287 409 1354 etiam
428 1287 546 1354 ludaei
566 1287 648 1354 solia
670 1289 809 1366 assuere,
832 1293 913 1355 dum
932 1287 1017 1378 legia
1032 1286 1213 1375 spiritualia
1226 1287 1324 1351 verba
1336 1303 1396 1348 cor·

304 1372 466 1459 puraliter
492 1372 783 1458 interpretantur?
828 1395 972 1462 quorum
1000 1369 1235 1458 interpretatio
1263 1370 1397 1433 fructum

304 1477 443 1522 omnem
475 1455 657 1521 viriditatia
687 1456 829 1532 amittit,
864 1460 1021 1522 damnata
1048 1453 1229 1520 maledicto
1250 1449 1398 1520 ariditatis

304 1554 469 1604 aeternae.
511 1541 608 1606 Bona
637 1539 742 1628 igitur
775 1538 1028 1628 interpreiatio‚
1062 1541 1129 1604 hoc
1160 1537 1205 1604 est
1232 1532 1396 1625 spiritualia

303 1621 390 1688 ficus
420 1622 479 1687 est·
492 1623 680 1699 fructuosa,
718 1625 777 1690 sub
810 1647 875 1714 qua
894 1624 969 1706 jotti
991 1621 1164 1708 sanctique
1185 1619 1396 1707 requiescunt,

302 1727 404 1792 quam
425 1704 484 1793 qui
504 1705 708 1792 plantaverit
727 1707 765 1773 in
787 1708 907 1775 animia
928 1708 1151 1796 singulorum,
1185 1701 1266 1768 sicut
1286 1703 1395 1768 Paulus

301 1789 453 1938 scats
474 1785 1395 1960 disscissus„{ttljtttttfdtslssffltit

166 1961 169 1968 “
302 1969 473 2041 tatemque
501 1956 631 2022 servare
658 1977 731 2022 non
762 1943 924 2056 poterit'
945 1960 1049 2045 Quod
1075 1955 1182 2044 igitur
1202 1951 1332 2042 gravius
1351 1948 1394 2026 es,

302 2037 366 2100 hac
387 2039 421 2101 se
440 2040 546 2104 Adam
567 2037 848 2128 interpretatione
868 2040 1035 2108 succinxit
1055 2061 1096 2105 eo
1117 2042 1213 2114 loco,
1243 2036 1303 2102 ubi
1323 2035 1396 2100 sruc-

304 2133 344 2182 tu
365 2120 475 2206 magia
505 2122 661 2189 castitatis
682 2126 714 2189 se
738 2125 933 2211 succingere
955 2114 1149 2190 debuissent
1192 2118 1315 2188 Audisti
1335 2119 1394 2180 Am·

300 2202 447 2266 brolium
482 2206 524 2267 de
545 2205 631 2271 ficu:
665 2208 744 2273 audi
767 2224 801 2271 et
822 2211 969 2274 eundem
991 2210 1033 2271 de
1053 2203 1197 2270 Domini
1219 2203 1284 2270 Dei
1304 2203 1396 2266 deam·
1423 2269 1424 2274 γ

300 2284 477 2350 bulatione
497 2286 534 2350 in
556 2290 724 2374 paradiso,
746 2293 894 2356 humana
914 2290 1075 2355 videlicet
1090 2305 1231 2364 natura,
1254 2307 1348 2386 quam
1361 2281 1393 2344 ad

299 2365 483 2466 imaginem
505 2371 597 2435 suam
621 2373 793 2449 condidit,
817 2397 917 2461 quam
937 2395 1113 2460 nunquam
1135 2372 1283 2436 deseruit
1301 2383 1395 2452 neque

299 2471 412 2596 penae
467 2455 606 2530 emisit,
641 2455 678 2521 in
712 2479 777 2543 qua
805 2459 871 2523 sem
898 2481 933 2522 er
962 2457 1200 2522 deambulabat
1221 2453 1347 2530 occulte
1364 2465 1393 2510 tt

315 2534 420 2632 piritu
455 2535 534 2612 iter,
564 2539 713 2604 scrutans
738 2545 838 2606 corda
870 2542 1065 2627 rngulorum
1087 2555 1121 2602 et
1140 2559 1260 2613 renea,
1289 2529 1394 2599 intelli·

204 2641 212 2662 =
300 2616 464 2716 gibilique
485 2636 571 2685 voce
593 2625 704 2688 causae
725 2623 1021 2709 praevaricationis
1036 2623 1267 2710 interrogant,
1290 2618 1392 2702 etplttt

299 2698 560 2768 misericorditer
588 2703 767 2793 increpans
800 2725 833 2771 et
854 2707 1043 2793 corrigens.
1077 2727 1179 2792 quam
1200 2703 1282 2783 juste
1300 2697 1393 2763 ulscia
1422 2717 1423 2742 t

300 2799 403 2874 cent·-
432 2787 491 2878 ,Ait
514 2809 593 2874 ergo
615 2791 783 2934 praefatus
805 2790 971 2878 magister,
1001 2793 1070 2867 „Et
1090 2787 1275 2852 audierunt
1293 2801 1393 2845 vocem

300 2866 443 2928 Domtnt
474 2873 614 2934 deambu
631 2873 718 2938 antia
747 2877 788 2936 ad
809 2895 993 2958 vesperam.
1038 2875 1135 2953 Quae
1157 2871 1202 2929 est
1225 2865 1393 2930 deambula·

300 2944 352 3011 tio
373 2945 456 3020 Dei,
495 2944 553 3032 qui
574 2948 702 3094 nbiiue
723 2955 851 3035 semper
872 2956 941 3015 ert
976 2955 1042 3016 Sed
1064 2966 1149 3036 puto
1173 2945 1395 3015 deambulatio·

208 3047 210 3056 ’
298 3049 381 3094 nem
409 3032 579 3126 quandam
609 3054 626 3095 e

298 3132 393 3176 ruma
428 3133 464 3176 tn
495 3111 617 3198 quibua
648 3119 811 3201 quaedam
834 3115 898 3180 Dei
920 3120 1070 3182 versatur
1090 3114 1296 3203 praesentia,
1322 3133 1392 3179 cum
1422 3125 1423 3140 ³

298 3193 474 3267 audimur.
496 3194 575 3283 quia
596 3196 666 3284 ipse
686 3198 805 3285 aspicit
826 3199 959 3278 omnia,
996 3215 1031 3264 et
1052 3198 1143 3267 oculi
1165 3195 1309 3264 Domini
1330 3197 1392 3260 sunt

299 3275 398 3364 super
407 3277 525 3366 jusioaa
540 3280 780 3368 eumlegimua,
792 3283 971 3369 quialesua
984 3283 1106 3349 sciebat
1116 3303 1156 3349 co
1185 3281 1338 3348 'tationes
1349 3295 1390 3340 eo·

192 3435 195 3448 .
298 3381 392 3426 rum:
417 3383 494 3426 cum
509 3363 664 3450 legimus,
677 3363 764 3510 quid'
773 3366 929 3452 cogitatio
941 3368 1029 3431 mala
1041 3367 1078 3431 in
1095 3387 1154 3432 cor
1179 3367 1257 3431 ibua
1269 3355 1391 3428 vestiti

252 3461 261 3472 ·
297 3443 389 3531 Ergo
401 3447 481 3510 dum
490 3448 679 3514 haecrecen
696 3469 800 3526 emue,
808 3451 900 3536 quasi
911 3450 1156 3517 deambulantia
1168 3443 1390 3536 cognoscimur

297 3527 441 3592 Domini
471 3549 602 3595 vocem.
642 3533 787 3618 Fugerat
818 3555 854 3597 er
877 3553 898 3600 o
925 3549 1101 3632 peccator,
1138 3553 1212 3596 non
1242 3551 1309 3618 quo
1338 3519 1390 3590 Dei

296 3611 405 3756 posset
431 3610 535 3677 latere
565 3614 803 3701 conspectum,
843 3557 900 3681 sid
925 3631 1016 3680 intra
1042 3613 1286 3681 conscientiam
1315 3611 1389 3675 suam

311 3705 401 3758 atere
423 3694 599 3782 cupiebat,
622 3716 724 3796 opera
744 3700 802 3763 sua
823 3698 935 3764 lucere
955 3701 1104 3767 nolebat.
1145 3696 1228 3763 tutti
1249 3695 1337 3762 enim
1355 3687 1388 3755 ts

296 3775 385 3841 facie
411 3779 596 3846 adfaciem
621 3783 757 3856 videre,
789 3781 869 3869 quia
888 3781 962 3862 justi
982 3805 1078 3848 mene
1099 3803 1171 3848 non
1195 3775 1387 3846 solummodo
1421 3815 1422 3828 2

295 3858 452 3961 praesene
475 3861 537 3939 est,
559 3863 741 3962 sedetiam¹
761 3885 839 3929 cum
860 3869 935 3930 Deo
958 3865 1124 3953 disputat,
1145 3866 1232 3929 sicut
1245 3859 1386 3953 scriptura

296 3940 1323 4120 aautintroeuntia0²aar
1338 3944 1387 4087 a·

323 4103 430 4201 'vinae
449 4109 645 4201 scripturae.
677 4115 773 4182 audit
792 4135 915 4186 vocem
935 4114 1068 4188 domiui
1087 4139 1110 4208 q
1201 4101 1382 4183 embolantit

653 3053 671 3096 e
700 3033 766 3097 Dei
794 3055 854 3128 per
881 3032 1072 3098 divinarum
1094 3030 1214 3098 seriem
1235 3030 1392 3118 scriptura·
1422 3045 1423 3112 ζ
