2958 4978
273 247 313 300 tv

277 423 368 481 cua,
392 426 497 493 quum
521 404 691 493 duplicem
709 404 772 469 elle
786 401 1138 490 praedestinationem,
1161 405 1299 470 alteram
1311 405 1385 471 bea·

275 505 407 564 torum,
446 491 581 554 alteram
611 491 850 576 reproborum,
887 487 946 552 illo
978 503 1127 575 tempore
1155 487 1386 576 proposuiliet.
1420 529 1427 550 Ι

276 576 365 637 hanc
387 575 430 638 ob
450 574 580 640 caulam
595 576 635 637 ab
658 571 906 646 Hincmaro‚
931 571 1183 658 archiepiscopo
1197 571 1386 644 Rhemcnfi.

253 676 388 742 ¹poeno
418 653 620 722 acerbiffima
652 655 793 720 afflictus
825 671 906 721 etat.
946 657 1027 740 'Quo
1059 655 1221 720 commoti
1242 657 1388 742 inlignes
1468 677 1469 726 g

278 739 408 825 aliquot
428 739 601 826 theologi.
634 736 861 814 Prudentius,
896 739 1012 804 Florus
1033 738 1225 813 Diaconos,
1257 743 1387 824 Lupus,

276 823 441 899 Amolon,
473 823 614 888 Sanctus
644 821 871 910 Remigius
898 821 1010 886 etalii
1033 824 1236 888 Godescalco
1259 823 1388 886 tuendo

278 927 412 992 operam
437 910 621 979 dederunt,
645 909 847 991 tandemque
867 903 1086 972 Hincmarum
1104 928 1144 971 eo
1164 907 1387 978 adduxerunt,

276 988 1389 1160 tttilthfltttl‘ttl'tttltfftltgtt‘tttttdltlt:

278 1177 415 1304 {titt
418 1181 430 1220 ¹
443 1172 752 1304 ,tittttlttt
762 1157 1232 1306 littll’thitcttttd
1241 1154 1387 1322 tellit}

303 1343 348 1386 uo
371 1323 495 1388 multos
519 1322 722 1389 adversarios
745 1323 803 1388 libi
826 1323 1042 1422 computavit.
1080 1323 1283 1388 Postremum
1299 1339 1387 1416 papa

277 1345 438 1470 iticotaus
466 1409 492 1470 1.
525 1428 563 1470 ea
593 1425 679 1492 quse
708 1407 756 1470 St.
784 1406 957 1494 Remigius
990 1410 1149 1472 docuerat
1176 1405 1386 1491 approbavit,

280 1487 486 1576 conciliique
507 1489 695 1557 valentiani
717 1512 863 1556 canones
886 1493 1032 1557 adhunc
1048 1489 1303 1555 controversiam
1316 1507 1389 1571 per·

279 1570 426 1635 tinentea
455 1574 690 1640 confirmauitt
726 1574 859 1659 Quibus
885 1574 986 1640 etiam
1017 1578 1233 1650 ..vencnum'l
1255 1575 1390 1656 dogma·

279 1669 351 1720 tum
380 1655 545 1742 Erigonae
602 1658 874 1756 astringebatur,
905 1659 976 1805 uple
998 1674 1110 1722 tamen
1130 1653 1391 1754 Epigenahaud

280 1739 456 1804 damnatus
477 1742 531 1806 est.
596 1741 795 1806 ihilominus
817 1763 914 1828 comp
931 1763 1007 1805 ures
1020 1739 1189 1806 inferioris
1205 1737 1278 1810 aevi
1291 1735 1390 1820 [crip-

278 1835 367 1885 torts
399 1824 530 1890 caulam
562 1821 728 1911 Erigonae
750 1841 891 1910 egerunt
912 1840 947 1890 et
963 1825 1026 1888 scri
1055 1840 1087 1888 ta
1109 1829 1179 1902 ejus
1201 1823 1387 1888 adulterata

279 1904 350 2001 elle·
357 1911 616 1980 contenderunt.
626 1943 663 1954 -
677 1907 752 1996 Post
763 1912 844 1973 haec
856 1909 996 1972 Carolus
1013 1849 1136 1973 (iilvus
1143 1927 1200 2002 reu
1209 1905 1390 1990 Erigonam

279 1989 455 2065 excussit,
477 2007 517 2055 ut
539 2013 638 2078 opera
664 1991 833 2069 (Pseudo-l
856 1991 1007 2075 Dionyfii
1030 1995 1249 2077 areopagitae
1269 2005 1389 2074 graece

277 2071 485 2158 conscripta,
509 2097 597 2162 quae
616 2074 762 2145 Michasl
782 2076 929 2150 Balbus,
962 2074 1135 2150 orientalis
1157 2077 1388 2136 Romanorum

279 2154 376 2302 mi
397 2155 601 2302 imperator,
627 2179 654 2222 a.
675 2170 760 2304 ῥῆγι..
775 2159 969 2256 antecellori
989 2157 1099 2304 immi
1122 2153 1300 2222 Ludovico
1314 2152 1392 2306 Ιὲἱῐῗ,

277 2261 482 2408 ςοῃανξὲἓὶἑ
512 2257 892 2399 ilicesiiiiiiiomiatiiiiicliiin
908 2257 1341 2412 :eptipiitutiiinnimliiiolao
1364 2321 1391 2381 1.

111 2376 114 2386 ¹
152 2468 154 2476 ,
278 2401 489 2487 vituperatus
520 2408 580 2482 est,
612 2409 704 2496 qnod
733 2406 822 2494 ipse,
855 2407 935 2495 qui,
973 2407 1078 2485 „licet
1110 2405 1250 2482 scientia
1271 2407 1395 2488 m'agna

219 2567 220 2572 ἵ
280 2487 395 2562 effec’,
418 2503 531 2555 tamen
552 2496 618 2570 jam
641 2505 756 2568 antae,
780 2493 804 2556 fi
825 2493 868 2556 ad
889 2490 1122 2557 orthodoxiam
1134 2486 1310 2575 respicias,
1333 2505 1393 2570 pe·
1470 2559 1471 2564 γ

278 2591 340 2633 nas
361 2573 486 2638 multos
510 2574 597 2640 fama
619 2577 711 2639 haud
731 2577 822 2640 bona
843 2579 1025 2661 genuisset,
1048 2573 1173 2638 librum
1192 2573 1395 2656 iuterpreta-

280 2652 371 2717 tioui
391 2656 491 2720 falsae
515 2673 583 2723 tam
606 2657 793 2724 obnoxium
814 2659 882 2722 fine
928 2657 1078 2723 ontificis
1100 2654 1237 2722 maximi
1274 2670 1395 2738 appro-

275 2735 416 2804 batione
449 2739 611 2806 edidisset.
650 2743 751 2826 (859.)
792 2745 865 2806 Iam
884 2683 941 2806 aiii
989 2763 1083 2828 apam
1105 2738 1224 2820 juffille
1244 2747 1394 2808 narrant,

278 2820 459 2904 Erigenam
487 2841 626 2923 propter
655 2824 747 2890 illam
775 2847 847 2890 rem
885 2766 1015 2890 Parilis
1038 2820 1210 2888 amandari
1238 2823 1398 2917 ilomsm·

279 2923 345 2985 que
373 2905 472 2980 (luci,
505 2906 564 2972 alit
592 2908 716 2972 librum
744 2909 840 2972 illum
860 2908 920 2972 fibi
942 2906 1043 2971 etiam
1065 2921 1138 2970 tum
1160 2903 1251 2968 mitti
1273 2905 1314 2966 ad
1336 2922 1396 2986 ap·

276 2987 503 3069 probandum.
545 2989 719 3055 Voluntati
747 3011 875 3075 papae,
909 2990 1076 3056 nescimus
1110 3010 1187 3064 cur,
1221 2988 1313 3050 haud
1335 2987 1397 3048 ob-

163 3200 166 3215 .
277 3071 803 3220 {tttfttlhfhttitt‘t'
819 3071 1242 3222 thithtt⁰lttmtt
1256 3069 1398 3214 mill:

280 3232 332 3330 via
354 3255 404 3330 ,pa
432 3257 450 3300 a
470 3237 650 3326 Erigonam
671 3202 901 3325 vitispsrsllet‚
938 3237 1084 3326 aequalis
1106 3241 1178 3316 ejus
1201 3175 1396 3308 Auatiafism

278 3259 555 3386 bibliotliecarina
588 3342 772 3395 romanus.
810 3322 1004 3408 scriptorem
1043 3322 1211 3394 nostrum.
1255 3331 1399 3404 propter

279 3403 420 3466 eandem
441 3402 533 3468 illam
557 3405 760 3480 vernonem,
784 3427 855 3471 non
876 3405 991 3470 minus
1005 3423 1104 3489 quam
1118 3415 1256 3488 propter
1276 3401 1398 3474 „lanc-

282 3499 349 3546 tam
370 3489 441 3564 ejus
461 3486 587 3552 vitam”
609 3487 657 3552 ita
678 3488 846 3562 laudavit,
877 3503 917 3556 ut
937 3489 1111 3574 probatam
1134 3487 1174 3549 ab
1197 3504 1238 3548 eo
1260 3480 1398 3570 ingenii

278 3567 509 3650 praestantiam
532 3584 567 3632 et
585 3569 746 3638 virtutem
769 3587 901 3635 tuntum
924 3591 965 3633 ex
989 3569 1032 3630 fin
1083 3568 1144 3632 lari
1161 3567 1305 3656 quadam
1322 3586 1401 3652 gra·
1458 3585 1465 3594 ·

278 3648 347 3712 tiae
368 3649 503 3714 divinae
523 3673 584 3738 per
607 3652 762 3738 spiritum
783 3654 935 3716 sanctum
957 3651 1032 3714 infu
1049 3673 1087 3716 ae
1108 3649 1288 3715 efficientia
1308 3647 1400 3712 deri·

206 3743 234 3794 ¹.
277 3731 350 3794 vari
387 3733 477 3816 polle
505 3733 733 3798 confiteretur.
796 3735 900 3820 Quod
929 3734 1066 3820 quidem
1100 3739 1306 3800 documento
1337 3731 1399 3810 est,

279 3813 363 3898 quid
392 3819 434 3878 de
465 3836 506 3879 eo
534 3821 661 3881 Romae
689 3832 723 3881 et
753 3815 789 3880 in
821 3817 892 3904 ipsa
920 3821 996 3884 aula
1016 3818 1211 3905 pontificia,
1242 3814 1325 3882 licet
1345 3815 1398 3878 fa-

279 3917 334 3960 ma
370 3897 527 3985 ambigua
564 3900 646 3964 olim
680 3901 828 3985 aspersus
869 3901 970 3984 chet,
1015 3900 1235 3966 existimatum
1278 3895 1400 3964 fuerit.

268 3977 436 4046 studium
467 3996 600 4048 tantum
631 3981 777 4048 nimium
805 3984 979 4072 archetypi
1008 3988 1050 4050 ud
1080 3987 1222 4049 verbum
1253 3979 1402 4047 transle-

276 4061 375 4125 rendi
402 4061 439 4126 in
468 4085 507 4128 ea
536 4065 686 4132 verfione
707 4067 887 4134 Anastafiua
907 4070 1224 4156 reprehendendum
1246 4065 1309 4128 elle
1330 4085 1398 4149 pu-

278 4142 380 4222 tavit,
413 4146 566 4233 quemvis
594 4149 679 4216 illud
709 4150 855 4219 [ludium
887 4151 1118 4232 „humilitati”
1148 4149 1315 4235 Erigonae
1336 4149 1398 4212 ad-
