2930 4982
201 193 233 228 ⁶
298 171 390 316 ‘eoo
489 309 506 340 .
633 155 1086 283 nemaeum.

311 413 431 466 natura
464 395 503 463 in
537 393 702 462 malitiam
737 395 913 484 perversae
938 393 1128 462 voluntatis
1157 399 1295 466 coirent
1315 401 1385 466 lunt

312 487 405 548 Haec
439 479 531 544 enirn
562 481 727 548 vocabula
754 481 924 567 praelatus
954 495 1073 546 auctor
1100 483 1386 568 praevaricatoribus

282 562 439 652 xangelis
473 564 556 628 folet
575 563 762 649 imponere.
806 561 977 655 Conversi,
1012 567 1080 628 hoc
1103 565 1147 629 eli
1168 567 1385 634 conversionem

311 672 351 714 ex
372 651 539 712 bonorum
561 662 698 720 natura,
721 659 756 710 et
776 647 888 712 caium
910 667 928 710 a
950 643 1132 733 [apientiat
1156 647 1314 742 etsemper
1325 651 1388 714 nali

253 745 256 752 '
311 730 468 821 existunt.
510 732 538 794 A
561 729 786 815 superioribus
808 728 1159 818 affumiiurnegnio,
1182 749 1216 796 et
1227 757 1317 816 neque
1317 729 1386 830 sein

308 839 370 900 per
397 816 476 877 mali
507 812 662 904 cassuin.
707 815 793 878 Num
823 815 915 900 quod
942 828 1062 879 natura
1091 817 1218 880 malum
1244 817 1299 892 est,
1333 838 1389 881 nou

308 898 416 986 potest
448 899 577 981 [emper
598 895 743 961 existere.
786 898 947 962 Naturam
993 894 1097 982 uippe
1118 899 1198 964 mali
1219 916 1251 964 et
1268 900 1390 964 maitiae

233 1055 235 1064 ‚
310 998 479 1048 aeternam
512 979 575 1044 elle
604 977 805 1064 impoffibile
840 980 893 1044 est.
937 979 984 1043 Su
1007 979 1124 1048 stantia
1156 998 1265 1048 autem
1284 985 1393 1048 diemo

309 1087 394 1130 num
415 1083 589 1149 nunquam
610 1061 754 1149 peribit3
776 1079 896 1128 natura
917 1060 1032 1150 itaque
1052 1061 1133 1131 mali
1153 1085 1224 1130 non
1242 1067 1323 1132 suut
1341 1069 1393 1129 De·

308 1149 390 1213 inde
412 1161 608 1233 argumenta
654 1167 689 1208 er
710 1129 993 1232 interrogationes
1014 1145 1186 1223 subdidit,
1209 1148 1332 1214 diceus:
1351 1153 1394 1214 8ο·

307 1235 437 1318 quitur,
451 1169 682 1379 Ἱρὂίπιεερηε
703 1230 800 1304 matt,
828 1252 872 1292 an
893 1229 999 1293 aliis?
1028 1233 1078 1296 Ac
1097 1230 1122 1293 fi
1144 1231 1286 1310 distillet,
1309 1232 1395 1296 fiua-

308 1331 384 1380 tura
404 1313 484 1378 inai
505 1313 601 1387 iunt3
624 1311 803 1376 neceffario
825 1326 885 1378 aut
904 1310 1035 1378 fibimct
1048 1313 1128 1378 mali
1142 1317 1238 1389 lunt,
1259 1329 1314 1381 aut
1325 1313 1394 1378 aliis.

307 1404 357 1465 Et
369 1395 534 1489 siquidem
544 1391 701 1487 sibimet,
725 1419 770 1458 an
790 1408 1004 1474 corrumpunt
1013 1392 1172 1546 seipsos?
1204 1398 1323 1486 Utique
1341 1419 1397 1464 eoi·

185 1505 190 1527 i
307 1506 382 1548 rum
409 1497 492 1562 unt3
517 1481 610 1566 quod
631 1477 831 1565 impoffibile
851 1478 1003 1555 eilfieri3
1024 1482 1085 1546 nul
1100 1481 1396 1569 aliquidemnaturt

307 1507 447 1650 stipium
468 1582 681 1660 corrumpere
706 1563 829 1648 potest:
852 1562 1008 1629 accidens
1031 1565 1075 1628 est
1097 1564 1191 1630 enim
1213 1565 1305 1634 omni
1320 1579 1399 1630 nitu·

307 1671 364 1712 rae
386 1648 436 1712 lui
458 1660 641 1731 corruptio.
684 1648 733 1710 Ac
754 1667 815 1792 per
835 1648 901 1712 lioc
922 1646 946 1709 fi
968 1661 1087 1711 natura
1109 1652 1311 1715 daemonum
1330 1647 1400 1712 mili

309 1731 371 1806 est,
394 1730 524 1796 sibimet
544 1747 615 1792 nori
637 1727 680 1792 est
700 1750 754 1793 ma
768 1747 807 1816 a3
829 1751 934 1815 quum
956 1729 1094 1815 seipsam
1116 1752 1188 1796 non
1210 1733 1324 1798 finitur
1342 1750 1398 1796 coi·

307 1835 485 1902 rumpere:
514 1813 640 1876 malum
664 1812 791 1897 quippe
812 1834 884 1878 non
905 1811 1004 1887 mali,
1036 1814 1092 1878 sed
1114 1815 1200 1880 boni
1223 1816 1266 1880 est
1286 1835 1399 1896 corrup·

309 1898 369 1962 ti0.
415 1901 454 1962 Si
475 1910 585 1960 autem
605 1895 684 1958 aliis
706 1909 827 1958 natura
848 1896 942 1971 bonis
961 1897 1041 1960 mali
1051 1891 1154 1990 sunt,
1191 1899 1345 1986 quomodo
1369 1915 1399 1956 Μ

307 1994 533 2063 corrumpunt,
565 1991 673 2042 utrum
703 1973 872 2070 effrutiam
901 1989 1027 2057 ebrum,
1056 2003 1101 2045 an
1128 1986 1289 2048 virtutem
1308 2003 1346 2045 se
1361 2001 1402 2042 aa·

259 2139 266 2148 ,
306 2067 453 2129 tionem?
472 2065 520 2128 Ac
541 2061 565 2126 si
586 2060 736 2127 diceret:
758 2065 877 2126 harum
898 2061 1001 2126 trium
1021 2066 1114 2129 nulla
1125 2068 1265 2153 poliunt
1278 2084 1401 2131 corium

306 2168 399 2233 pere.
442 2149 534 2210 Haec
556 2145 647 2209 enim
671 2143 756 2224 tria,¹
782 2144 952 2211 ellentiam
976 2145 1053 2212 dico
1075 2163 1110 2212 et
1129 2149 1296 2214 virtutem
1316 2163 1347 2213 et
1365 2165 1403 2210 ac·

306 2230 438 2310 tionem
459 2229 496 2294 iii
518 2227 676 2295 omnibus
697 2227 970 2315 incorruptibilia
991 2229 1086 2306 sunt,
1110 2254 1217 2319 quum
1240 2233 1276 2297 in
1299 2231 1347 2297 his
1360 2227 1404 2292 tri·

306 2315 370 2378 bus
402 2311 515 2378 omnis
544 2326 664 2376 natura
693 2311 841 2375 subustis.
891 2314 936 2375 Et
967 2314 1034 2378 hoc
1066 2314 1110 2378 eli
1138 2319 1235 2402 quod
1265 2312 1405 2402 [equitur.

307 2398 473 2480 Siquidem
499 2389 691 2486 effrutiam
720 2398 860 2477 primurn
888 2396 1018 2480 quidem
1045 2421 1108 2462 non
1136 2403 1243 2484 juxta
1262 2414 1404 2468 naeinam,

306 2483 373 2544 hoc
396 2479 440 2543 est
460 2499 531 2543 non
553 2477 645 2541 illam
667 2477 838 2543 clientium
859 2499 925 2564 qua
944 2479 1084 2544 subiistit
1105 2498 1239 2548 natura.
1289 2487 1404 2549 Natum

306 2567 391 2626 enim
413 2561 700 2643 incorruptibilia,
723 2587 740 2624 e
771 2565 894 2626 entiam
913 2563 1074 2627 videlicet
1093 2571 1257 2632 virtutem
1271 2581 1306 2632 et
1321 2567 1406 2629 actu·

305 2669 377 2710 nem
399 2669 463 2711 non
483 2657 712 2727 corrumpant,
759 2647 800 2709 ed
819 2648 997 2728 acceptiva
1018 2651 1258 2731 comptionis,
1294 2653 1356 2714 hoc
1373 2643 1406 2709 et

304 2751 391 2828 quae
411 2731 548 2816 poliunt
566 2749 755 2824 corrumpit
779 2743 819 2793 ut
836 2728 916 2793 lunt
929 2729 1095 2806 naturalia
1110 2731 1326 2808 accidentia,
1346 2749 1409 2818 qut·

303 2814 416 2878 litotes
437 2812 515 2878 dico
537 2826 572 2876 et
591 2825 815 2897 quantitates,
852 2827 961 2876 cetera
985 2835 1029 2878 ue
1051 2837 1136 2912 quae
1159 2817 1282 2903 augeri
1305 2810 1406 2882 sciui·

303 2895 367 2959 nui
394 2897 549 2980 poliunt,
585 2909 619 2958 et
650 2893 687 2958 in
718 2893 868 2974 subjecto
890 2836 1036 3041 quoiam
1058 2900 1317 2987 intelliguntur.
1357 2895 1410 2960 Sei

303 3001 417 3063 neque
438 2979 496 3042 illa
516 2992 779 3074 corrumpuntur
799 2998 818 3040 a
839 3000 893 3042 ma
908 2999 948 3056 ot
979 2981 1094 3068 augeri
1116 2983 1212 3048 enim
1235 2978 1408 3048 accidentia

303 3060 502 3125 substantiae
531 3061 586 3124 vel
619 3059 731 3125 minui
751 3081 870 3147 neque,
883 3064 1010 3128 malum
1033 3065 1076 3128 est
1098 3088 1213 3153 neque
1229 3061 1407 3150 vcorruptior

303 3143 361 3236 led
388 3141 551 3228 perfectio
580 3146 743 3240 quaedam
764 3159 867 3292 atqpe
887 3145 1039 3211 defectus
1061 3149 1264 3235 capacitatis
1287 3149 1409 3213 lubllau

302 3225 437 3289 uiarum.
474 3228 554 3290 Ideo
576 3241 641 3289 ait:
663 3231 784 3310 Neque
845 3235 971 3312 comni
992 3235 1175 3297 eromuino
1200 3235 1338 3305 maliem,
1356 3235 1407 3294 bot

302 3309 347 3372 eli
377 3331 489 3396 neque
517 3307 690 3394 acceptiva
723 3309 951 3396 corruptionis
989 3317 1119 3380 amalo
1141 3329 1409 3404 corrumpuntur.

302 3390 382 3477 quia
415 3413 528 3479 neque
558 3390 698 3468 omnino
728 3394 865 3460 mulum.
909 3397 996 3460 Nam
1024 3395 1060 3462 in
1082 3401 1256 3466 hocloco
1279 3421 1347 3466 una
1366 3415 1409 3460 ue

298 3474 393 3622 gotio
415 3475 466 3540 bis
487 3473 644 3572 ponitur,
666 3475 710 3539 fic
729 3499 830 3558 neque
848 3481 910 3544 hoe
929 3483 1017 3546 omni
1037 3495 1071 3546 et
1091 3505 1195 3568 neque
1216 3487 1351 3551 omnim
1360 3500 1410 3544 ins·

313 3583 376 3622 um.
430 3559 526 3644 Quid
554 3556 646 3622 enim
675 3577 908 3647 corrumperet
935 3566 1027 3649 quod
1061 3565 1207 3634 omnino
1244 3589 1322 3634 non
1355 3559 1408 3628 etl

298 3643 387 3707 Nam
414 3641 526 3708 omnis
562 3640 735 3728 corruptio
758 3665 843 3728 quae
865 3643 901 3708 in
923 3661 1043 3711 natura
1063 3671 1176 3714 rerum
1199 3647 1408 3716 mutabilium

299 3723 521 3811 intelligitur,
552 3739 611 3788 aut
641 3726 792 3790 defectus
821 3728 1042 3824 perfectionis
1063 3732 1121 3807 est,
1158 3748 1223 3798 aut
1248 3737 1294 3799 de
1316 3727 1409 3819 specie

297 3806 335 3871 in
364 3807 511 3893 speciem
533 3805 692 3872 transitur
713 3823 891 3887 materiae,
923 3827 982 3876 aut
1001 3815 1215 3900 generalium
1239 3817 1281 3882 in
1304 3812 1408 3903 specia-

296 3888 343 3952 lia
372 3905 407 3954 et
429 3887 624 3977 specialium
645 3890 681 3954 in
704 3893 874 3978 generalia
894 3897 1152 3964 transmutatio:
1189 3920 1288 3985 quae
1311 3893 1409 3965 orauit

297 3992 368 4036 nori
399 3975 500 4049 mala,
538 3973 594 4036 led
615 3974 830 4043 mutabilium
852 3998 966 4044 rerum
986 3982 1154 4046 natiurales
1175 3981 1364 4067 qualitates
1383 3989 1408 4038 et

296 4053 501 4140 quantitates
521 4055 631 4122 intelli
680 4071 770 4124 ntur.
812 4059 934 4127 Cetera
953 4081 1034 4129 vero
1057 4067 1159 4144 hujus
1177 4085 1224 4130 ca
1254 4061 1337 4131 ituli
1352 4061 1407 4150 pli·

234 4161 239 4178 .
295 4159 340 4203 na
360 4139 456 4216 lunt,
485 4154 520 4205 et
540 4160 625 4227 expo
653 4138 756 4208 tionis
776 4161 849 4214 nou
870 4142 1038 4234 indigent.
1080 4150 1131 4236 Ap
1187 4145 1198 4163 '
1284 4166 1431 4238 enata}

740 4281 743 4286 .
1201 4261 1214 4300 ι
1430 4239 1431 4272 i
