2948 4978
259 219 316 307 n
563 216 620 294 aa
638 152 1012 292 nonnosum.

260 399 392 470 rtublle
417 413 520 551 ttpue
546 397 721 488 tangibile.
762 395 911 490 Ideoque
942 397 1137 472 obnlxcfla
1175 415 1229 482 to,
1256 421 1302 470 ne
1330 403 1373 470 nt

263 486 328 552 tibi
357 505 454 554 moro
469 508 528 552 una
556 483 684 552 diutina
706 482 747 551 de
767 487 832 554 hac
851 483 1110 572 praesentialiffi
1169 502 1236 552 tate
1258 486 1371 573 dispu-

128 605 131 610 ·
261 585 345 636 tare.
385 571 434 636 M.
462 567 556 657 Quid
583 565 687 666 ergo?
721 569 853 656 Nempe
881 570 1078 650 jamdudum
1109 568 1199 635 inter
1230 590 1295 635 noa
1327 569 1374 634 ott

262 653 473 730 confectum,
504 673 618 720 omma
640 671 725 739 quae
747 653 803 716 vel
824 651 921 718 lenlu
941 671 1123 739 corporeo,
1150 654 1205 720 vel
1225 653 1371 729 ratione,
1470 725 1471 736 ἵ

263 739 319 803 vel
352 736 530 802 intellectu
563 735 832 821 cognoscuntur,
870 737 913 800 de
940 737 1016 802 Deo
1042 749 1191 804 creatore
1217 735 1374 802 omninln

262 820 385 887 merito
413 819 504 907 polle
532 816 738 906 praedicarit
772 821 853 884 dum
883 815 970 883 nihil
1002 839 1119 884 eorum
1150 841 1235 908 quae
1266 822 1308 885 de
1338 821 1374 885 le

261 903 497 992 predicantur,
530 923 616 988 pura
644 899 795 967 veritatia
825 901 1068 988 contemplatio
1098 923 1177 970 eum
1207 905 1374 1002 approbet

263 988 338 1052 eise.
380 991 424 1052 D.
451 987 492 1054 ld
518 983 630 1074 ipsum
652 983 885 1056 inconcussum
905 986 985 1063 effe.
1015 987 1159 1073 luceque
1182 989 1303 1053 clarina
1324 1009 1374 1051 ra-
1470 1029 1471 1032 =

262 1069 313 1136 tio
335 1071 465 1135 edocet.
604 1089 607 1096 ·

274 1173 276 1178 ·
323 1167 376 1239 39.
397 1153 447 1217 Μ.
469 1149 506 1216 Sl
528 1171 608 1238 ergo
629 1152 671 1217 de
690 1127 772 1216 Deo
788 1147 901 1217 omnia
924 1152 1123 1238 quaesunt,
1146 1173 1216 1218 non
1234 1149 1374 1238 quidem
1470 1109 1471 1138 ἶ

286 1235 417 1322 roprie,
444 1234 503 1300 red
529 1237 634 1333 modo
656 1237 803 1320 quodam
824 1235 1073 1333 translationia,
1109 1257 1217 1321 quum
1237 1233 1373 1333 abipso
1470 1263 1471 1322 j

260 1259 352 1394 funt,
372 1319 438 1384 rite
456 1319 713 1417 praedicantum
734 1316 818 1403 quid
837 1319 1006 1418 nummii
1025 1334 1255 1418 cunctaquae
1275 1338 1312 1381 ιιι
1324 1319 1374 1417 lo-
1470 1361 1471 1366 η

132 1449 136 1457 .
260 1425 305 1469 co
326 1403 415 1479 lunt,
427 1403 520 1466 'dum
532 1403 713 1482 majonbue
727 1402 760 1466 le
773 1403 924 1548 undrtpue
937 1405 1118 1467 videantur
1131 1400 1373 1478 circumfundi,
1470 1435 1471 1472 ι

246 1567 313 1644 'fit
337 1569 369 1632 le
404 1571 482 1634 loco
495 1567 651 1655 propriae
670 1567 747 1632 luae
761 1584 900 1634 naturae
910 1565 1108 1633 continetur
1149 1569 1304 1656 Cumque
1323 1565 1377 1631 vi·

262 1654 403 1720 (leamuc
424 1671 486 1738 per
501 1649 762 1736 metonymiam,
777 1651 802 1718 i.
817 1673 845 1718 e.
860 1649 1237 1726 transnominationem.
1262 1649 1371 1716 abbia

262 1755 350 1834 puae
367 1732 548 1802 continent
566 1732 736 1800 nominari
754 1755 891 1821 eaquae
907 1733 1143 1810 continentur;
1168 1755 1239 1800 non
1259 1749 1375 1798 tamen
1470 1777 1471 1808 p

260 1833 311 1884 ata
325 1817 546 1884 continentur
561 1821 602 1882 ab
617 1816 675 1890 eie,
698 1832 738 1881 ut
748 1819 816 1884 fine
829 1817 877 1883 eie
892 1816 981 1882 intra
994 1819 1161 1882 naturales
1172 1817 1248 1882 luoa
1262 1815 1376 1882 termi-

260 1921 325 1967 noa
337 1899 502 1966 iublistere
513 1918 584 1967 nnn
598 1899 733 2000 poffint.
757 1902 840 1966 Ulue
849 1899 1011 1988 liquidem
1019 1899 1212 1968 mortalium
1221 1902 1372 1978 domum,

260 2004 418 2060 uxorem,
450 1983 510 2051 seu
535 1983 698 2050 familiam
719 1984 804 2050 folet
823 1985 1008 2072 appellare,
1037 2005 1115 2048 cum
1136 1985 1220 2048 haec
1239 1997 1374 2047 natura·

259 2065 339 2138 liter
372 2065 502 2131 distent.
544 2069 623 2136 Non
655 2065 747 2133 enim
778 2071 898 2132 dornua
918 2067 1059 2154 praestat
1078 2066 1177 2132 uxori
1198 2067 1256 2132 leu
1277 2064 1375 2130 fami·

256 2147 328 2214 'liae
355 2147 611 2216 substantialiter
640 2152 720 2229 eilet
755 2151 813 2216 ied
837 2165 979 2216 naturae
1004 2151 1111 2215 locna.
1126 2174 1137 2214 r
1155 2151 1271 2237 Quum
1290 2169 1376 2216 vero

256 2229 299 2318 ¹in
328 2253 367 2298 ea
391 2231 616 2320 poffidentur,
645 2236 686 2299 ab
715 2253 754 2298 ea
784 2230 994 2300 denominari
1037 2233 1156 2299 solent.
1190 2231 1377 2300 ·Similiter-

138 2341 148 2362 =
261 2337 329 2402 qne
357 2337 510 2403 eaquae
539 2314 720 2382 continent
746 2319 786 2384 ab
810 2315 869 2382 bia
896 2337 982 2404 quae
1002 2315 1248 2396 continentur,
1276 2313 1377 2381 verbi

259 2395 388 2546 {1¹53
406 2400 657 2550 ἐῶἕὲᾞῗέξ
676 2398 1301 2550 ¹33ffit¹⁶tt¹l¹tti¹¹²ltt²t¹tt
1321 2399 1375 2546 li

260 2564 337 2640 lua,
372 2587 417 2630 ne
440 2588 485 2631 ue
513 2563 595 2632 visto
627 2567 666 2631 bt
693 2571 787 2646 juxta
814 2529 953 2632 n’aturae
981 2506 1257 2655 proprietate&
1284 2563 1376 2651 Quia

261 2646 355 2714 enim
383 2587 511 2714 neictn
537 2649 676 2716 oculum
703 2665 833 2735 partem
862 2652 1031 2737 quandam
1052 2652 1259 2736 corporalem
1274 2647 1376 2736 capi·

260 2729 326 2806 tie.
354 2731 596 2820 humidamque
625 2733 708 2810 elie,
740 2753 802 2820 per
833 2755 933 2818 qnam
962 2733 1055 2798 bilua
1080 2733 1173 2798 fulua
1199 2731 1375 2798 radiorum

260 2811 376 2891 instar',
403 2837 445 2879 ex
465 2815 617 2892 menica,
644 2819 711 2882 hoc
732 2816 776 2881 est
795 2818 1025 2886 membranula
1046 2815 1175 2881 cerebri
1194 2815 1282 2881 lorea
1295 2816 1373 2880 fun·

261 2896 381 2960 ditari
417 2896 555 2970 Mettica
584 2919 668 2966 vero
695 2899 835 2964 luminis
866 2895 1021 2966 naturam
1051 2921 1091 2964 ex
1118 2901 1239 2974 corde,
1280 2897 1374 2997 ignia

258 2977 421 3047 videlicet
446 2981 541 3055 fede.
571 2981 641 3048 reci
667 2981 705 3048 it.
750 2983 804 3046 Est
826 2981 916 3046 enirn
938 2981 1030 3047 visne
1050 2981 1212 3047 naturalia
1232 2984 1375 3047 lunnnra
1470 3033 1471 3070 p

206 3131 210 3134 ,
259 3061 297 3126 in
318 3063 416 3126 [enin
437 3061 579 3128 videndi
599 3086 645 3150 po
675 3065 795 3164 'denna
816 3063 1261 3164 ratliatimioraaprofiliena
1277 3064 1375 3163 emil-

258 3143 326 3208 liot
355 3165 441 3229 qnae
470 3167 550 3212 cum
578 3149 748 3212 coloribus
780 3148 961 3234 ionnrique
989 3164 1192 3213 exteriorum
1214 3148 1376 3213 lenfibrlr-

258 3229 1055 3378 gpporppipoffiilipippurssfppipitpgpfotrppraplpipi
1089 3230 1267 3379 {ppergpgtg
1288 3229 1375 3378 iffi:

261 1487 358 1553 locus
370 1483 704 1634 poffintnominari3
727 1505 806 1550 cum
820 1507 869 1550 nu
881 1488 953 1550 lum
973 1484 1109 1550 illorum
1114 1483 1259 1632 proprie
1276 1485 1376 1550 locua
1418 1487 1423 1492 ’
1470 1517 1471 1546 2

258 3390 444 3457 formarum
478 3393 696 3478 colorumque
732 3395 958 3480 corporalium
989 3395 1025 3461 in
1060 3395 1164 3465 radiia
1196 3397 1377 3462 oculorum

258 3497 292 3622 pe
327 3477 424 3540 edam
450 3474 564 3563 imago
595 3477 827 3554 conformata,
866 3499 952 3566 quae
982 3480 1077 3544 nulla
1107 3499 1200 3544 mora
1228 3481 1376 3544 instante

330 3582 356 3622 n
375 3555 557 3644 recipitur,
578 3557 827 3649 memoriaeque
848 3561 1023 3629 sentientia
1041 3560 1206 3650 infigitur.
1242 3563 1376 3628 Eadem

258 3639 345 3706 ratio
357 3642 403 3706 est
422 3638 459 3706 in
481 3641 579 3707 sensu
598 3641 741 3708 aurium.
784 3646 871 3710 Nam
893 3661 927 3710 et
945 3643 1110 3732 particula
1132 3666 1218 3733 quae
1232 3645 1375 3732 proprie
1470 3643 1471 3724 J

258 3723 347 3789 auria
375 3721 524 3801 (licinii,
554 3744 596 3790 ex
616 3724 736 3792 auditu
749 3727 1015 3806 ‚denominatur⁹
1046 3751 1153 3816 quum
1174 3729 1374 3795 instrumen-

258 3821 332 3872 tum
352 3803 488 3874 auditne
510 3807 565 3872 eii.
607 3812 650 3875 Δι
674 3831 717 3876 ne
738 3809 775 3877 icl
794 3833 904 3898 genua
924 3811 1028 3878 mille.

201 3905 207 3923 ι
317 3895 371 3970 4⁰·
407 3891 451 3952 D.
481 3891 526 3953 Et
552 3893 621 3959 hoc
649 3914 749 3978 pane
776 3891 953 4040 perspicio.
1004 3895 1055 3958 Μ.
1083 3892 1227 3961 Videsne
1255 3893 1376 3981 itaque
1470 3897 1471 3908 ’

255 3989 324 4070 pua
351 3971 615 4054 consuetudine,
646 3995 841 4071 rerumque,
878 3977 1146 4073 gnificandarum
1167 3975 1372 4054 neceffitate,

255 4073 357 4142 rnopr
383 4075 538 4121 verarmn
563 4079 675 4124 rerum
708 4057 918 4124 diloretrorna
938 4061 1152 4139 humanitas,
1184 4065 1244 4126 har
1266 4061 1373 4126 abufi·
1470 4071 1471 4078 ’

254 4157 315 4208 vua
344 4157 457 4208 terum
486 4139 780 4212 denominationes
810 4141 995 4228 repererit:
1022 4144 1127 4214 imam
1154 4141 1373 4234 mediamque
1470 4141 1471 4154 ’
