2912 4978
264 219 323 296 8⁶
392 289 397 306 ,
603 217 858 292 fleotomum
877 201 1051 292 Notitiae.

268 405 316 478 tle
328 423 410 473 vere
424 415 556 476 tueatur
567 413 602 468 et
615 423 686 470 non
702 417 802 479 creat,
822 399 920 470 tertia
936 413 1073 488 quartae
1089 397 1203 494 similit
1219 401 1264 468 est
1277 399 1314 468 in
1331 423 1371 470 eo

269 491 438 578 quodnon
445 483 717 563 marfdiffimili·
725 484 847 554 veroin
857 485 999 572 eoquod
1007 500 1155 562 creatum
1171 482 1269 550 tertia
1281 485 1372 550 enim

269 587 401 640 ereattu
414 585 449 636 et
462 591 533 638 non
545 585 644 644 erent.
659 585 776 656 quarta
787 591 867 636 vero
878 589 989 654 neque
999 582 1089 632 creat
1095 589 1141 633 ne
1164 591 1207 636 ue
1219 584 1370 634 creature

268 655 353 728 item
368 669 485 742 quarta
504 653 616 720 similia
630 654 673 720 esi
681 652 809 740 primae
821 651 902 740 quia
913 671 982 717 non
991 666 1133 726 creatur,
1142 590 1182 716 il)
1191 673 1228 716 ea
1238 671 1318 718 vero
1327 651 1376 716 di·

269 739 349 804 stare
365 738 510 813 videtur,
536 736 615 826 quia
631 759 701 805 non
717 752 808 802 creat
814 757 825 813 3
846 735 955 822 prima
971 733 1133 820 siquidem
1148 751 1238 804 creat
1252 749 1287 800 et
1303 757 1373 802 non

271 837 418 897 creatur,
440 835 557 907 quarta
572 841 654 886 vero
668 842 779 907 neque
797 835 888 884 creat
902 839 1013 905 neque
1026 834 1165 890 creatur.
1189 821 1233 882 Et
1244 817 1322 904 quia
1334 821 1376 882 de
1451 852 1452 869 κ

272 902 539 992 oppofitionibua
561 920 595 969 et
615 902 888 970 similitudinibus
911 904 1018 987 deque
1036 901 1235 967 differentiis
1252 902 1295 965 est
1309 901 1376 965 die-

270 1004 360 1062 tum,
384 989 426 1052 de
441 989 622 1052 earundem
635 987 748 1054 reditu
774 1001 807 1050 et
822 983 1023 1056 collectione
1034 1007 1072 1048 ea
1087 983 1169 1052 disci
1195 985 1265 1049 lina
1275 1007 1375 1084 quam

269 1070 479 1152 Analyticam
499 1069 696 1158 Philosophi
716 1083 865 1145 vocant,
893 1067 1039 1134 breviter
1060 1067 1157 1134 dicen
1185 1091 1241 1132 um
1263 1070 1374 1134 video.

200 1159 202 1165 '
270 1157 316 1238 Β,
345 1157 421 1220 Hoc
472 1173 585 1241 uoque
606 1157 688 1218 ordo
710 1151 838 1241 poscit;
869 1152 962 1216 nulla
983 1151 1074 1217 enim
1096 1151 1304 1217 rationabilis
1327 1149 1377 1216 di·

271 1236 353 1302 vilio
379 1235 438 1310 est,
486 1257 526 1301 ve
548 1234 702 1302 essentiae
723 1235 759 1300 in
783 1238 931 1310 Genera,
953 1235 1019 1304 five
1041 1235 1180 1300 Generis
1202 1233 1238 1299 in
1253 1236 1376 1300 formae

272 1334 307 1386 et
334 1339 511 1395 numeros,
544 1320 611 1385 live
639 1317 744 1384 totius
771 1317 807 1384 in
836 1335 946 1417 partee
978 1339 1064 1404 quae
1083 1316 1218 1405 proprie
1238 1315 1377 1404 partitio

270 1401 486 1476 nominatur.
508 1402 574 1468 live
594 1401 817 1469 universitatis
838 1425 875 1466 m
899 1423 937 1466 ea
958 1423 1042 1489 quae
1063 1423 1140 1465 vera
1160 1401 1247 1465 ratio
1268 1401 1305 1465 in
1327 1400 1378 1486 ip-

271 1487 308 1550 so
336 1485 604 1570 contemplatur,
638 1507 722 1571 quae
742 1506 813 1548 non
835 1483 958 1550 iterum
980 1482 1079 1570 poffit
1095 1484 1204 1572 redigi
1224 1505 1285 1582 per
1308 1503 1377 1548 eoa·

272 1571 349 1634 dem
378 1569 499 1654 gradus
529 1590 591 1666 per
618 1589 702 1655 quoe
720 1566 849 1636 :divisio
877 1567 971 1654 priua
1000 1567 1109 1631 suerat
1141 1566 1377 1652 multiplicata,

273 1653 383 1716 donee
405 1666 622 1736 pervematur
642 1654 684 1716 ad
706 1652 801 1720 illum
821 1673 930 1716 unum
949 1647 1212 1736 inseparabiliter
1233 1647 1270 1714 in
1294 1649 1378 1736 seip-

271 1734 308 1799 so
336 1754 494 1809 manent,
524 1754 564 1798 ex
593 1755 661 1820 quo
689 1733 760 1820 ipsa
788 1733 904 1800 divisio
933 1731 1116 1830 primordia
1137 1734 1208 1798 sum
1235 1733 1287 1798 sit:
1319 1733 1378 1798 sed

271 1813 365 1903 priua
388 1831 422 1882 et
442 1819 484 1880 de
504 1816 839 1914 Etymologiaipsiue
860 1813 1008 1880 nominis
1031 1819 1123 1902 quod
1144 1817 1188 1880 est
1204 1757 1379 1899 lnelydee

270 1921 378 1986 pauca
408 1899 584 1977 edisserat,
616 1921 687 1965 non
710 1921 802 1969 enlm
822 1897 907 1964 mihi
928 1901 1028 1985 plane
1074 1913 1143 1962 atet
1163 1900 1380 1964 necessarium

272 1982 337 2046 elle
364 1981 476 2058 video.
518 1985 565 2046 M.
594 1981 769 2065 Analytioe
796 2005 814 2048 a
845 1985 949 2048 verbo
975 2005 1018 2044 an
1051 2005 1092 2067 yo
1114 1981 1308 2060 derivatur,
1342 1982 1380 2048 id
1453 2039 1454 2042 ,

273 2065 338 2139 est,
360 2065 498 2132 resolvo
511 2067 565 2130 vel
587 2068 707 2142 rede03
730 2088 796 2130 ana
816 2064 909 2130 enim
929 2087 983 2140 re,
1004 2066 1057 2150 lyo
1070 2085 1153 2129 vero
1163 2059 1264 2160 solvo
1278 2069 1380 2136 inter·

271 2163 442 2293 pietatum
472 2146 553 2214 inde
581 2164 616 2246 et
633 2147 930 2248 nomen-naaeitur
949 2150 1099 2248 .“¹¹⁰l7⁰’'
1123 2150 1215 2233 quod
1236 2147 1273 2212 in
1294 2148 1380 2214 reso·

286 2246 439 2296 ottonem
459 2233 513 2294 vel
534 2233 680 2296 reditum
702 2233 852 2302 similiter
873 2247 1032 2308 vertttur;
1055 2232 1114 2295 sed
1133 2231 1281 2316 Analyste
1301 2251 1380 2330 pro·

270 2311 345 2460 prie
381 2335 444 2400 pro
473 2311 687 2380 dissolutione
712 2315 955 2460 propositarum
983 2312 1212 2402 quaestionum
1242 2315 1393 2395 dimne·

300 2418 323 2460 n

325 2395 446 2477 alytiee
478 2399 519 2460 de
550 2396 663 2461 reditu
696 2400 765 2464 divi
792 2397 866 2462 onie
893 2398 1077 2464 formarum
1106 2400 1149 2462 ad
1168 2395 1378 2486 principium

272 2483 421 2558 ejusdem
450 2478 639 2556 divifionie3
672 2479 782 2548 omnir
813 2479 906 2546 enim
938 2481 1054 2546 divisio
1085 2501 1171 2566 quae
1205 2481 1381 2547 aGraeeie

271 2565 438 2627 merirmus
456 2560 596 2639 dicitur,
620 2563 708 2649 quasi
731 2564 904 2628 deorsum:
930 2565 1134 2630 descendent
1154 2567 1194 2630 ab
1211 2587 1282 2630 uuo
1297 2586 1380 2651 quo·

273 2647 348 2709 dam
372 2644 516 2710 diffinito
540 2649 581 2710 ad
601 2645 756 2710 infinitos
777 2668 937 2711 numeros
956 2647 1091 2713 videtur
1099 2669 1109 2722 3
1132 2650 1199 2712 hoc
1221 2649 1265 2712 est
1279 2670 1380 2735 gene·

272 2727 426 2795 ralillimo
456 2749 562 2814 usque
595 2732 638 2794 ad
659 2730 675 2792 s
698 2728 934 2794 ecialiffimum.
978 2731 1099 2796 Omnis
1123 2751 1203 2796 vero
1223 2733 1380 2796 recollec-

184 2843 189 2852 ν
272 2810 321 2875 tio
340 2811 447 2876 veluti
469 2810 606 2898 quidam
625 2835 661 2876 re
689 2812 753 2877 'tue
775 2810 898 2878 iterum
920 2811 1182 2900 especialiffimo
1200 2813 1379 2892 inchoant,

272 2907 307 2958 et
327 2915 433 2994 usque
455 2899 497 2960 ad
515 2893 795 3042 generalissimum
816 2897 1007 2971 ascendens,
1028 2896 1203 2977 Analytiee
1217 2913 1378 2976 vocatur;

272 2977 316 3040 est
343 2977 448 3064 igitur
476 3001 512 3042 re
538 2978 605 3043 itua
634 2995 669 3044 et
695 2979 855 3044 resolutio
887 2978 1142 3045 individuorum
1175 2979 1212 3044 in
1240 2980 1379 3056 formae,

270 3057 452 3124 formarum
474 3059 510 3124 in
533 3083 677 3146 genera,
699 3082 861 3147 generum
882 3061 918 3125 id
941 3060 1072 3153 eustos,
1092 3058 1253 3151 ousiarum
1274 3063 1311 3128 in
1335 3065 1381 3128 sa·

271 3141 437 3238 pientiam
457 3158 491 3206 et
535 3144 743 3222 radantiam,
781 3166 821 3208 ex
842 3144 964 3230 quibus
984 3146 1095 3212 omnio
1116 3147 1233 3212 divifio
1256 3146 1377 3224 oritur,

272 3245 311 3286 in
339 3227 473 3288 eaedem
526 3223 628 3290 nitur.
669 3229 713 3290 D.
744 3226 831 3291 Satia
862 3227 990 3294 dictum
1025 3233 1067 3294 de
1087 3229 1276 3312 dnalyticee
1297 3233 1380 3314 Ety-

270 3304 437 3391 mologia,
458 3327 560 3392 perge
582 3309 623 3370 ad
643 3324 784 3375 caetera.

299 3467 307 3484 ι
333 3406 363 3450 o.
384 3389 431 3452 M.
456 3391 700 3474 Quatemarum
722 3391 836 3478 itaque
857 3391 1101 3479 praedictarum
1125 3396 1308 3460 sot-marum
1328 3395 1381 3460 bi-

271 3491 326 3534 ma
348 3469 384 3534 in
407 3493 514 3536 unum
535 3473 752 3550 coeuntibus,
784 3475 844 3539 siat
864 3477 1058 3560 Analytica,
1092 3479 1129 3543 id
1150 3479 1212 3555 est,
1233 3478 1381 3544 reditiva

271 3552 437 3619 collectio.
479 3554 593 3620 Prima
612 3579 757 3644 namque
778 3573 812 3622 et
833 3575 949 3645 quarta
970 3583 1078 3626 unum
1095 3563 1194 3638 sunt,
1214 3558 1381 3659 quoniam

271 3637 314 3701 de
342 3641 416 3704 Deo
448 3637 659 3707 solummodo
685 3639 944 3729 intelliguntu13
979 3645 1023 3708 esl
1050 3645 1142 3710 enim
1170 3643 1382 3742 principium

146 3725 154 3735 '
269 3720 423 3785 omnium
450 3744 535 3808 quae
562 3745 580 3787 a
608 3724 641 3790 se
674 3724 812 3791 condita
834 3727 927 3800 sunt,
960 3741 995 3789 et
1014 3727 1092 3794 finit
1116 3750 1273 3793 omnium
1292 3749 1382 3815 quae

269 3823 351 3866 eom
375 3821 556 3889 appetunt,
599 3823 639 3870 ut
673 3806 710 3872 in
743 3830 785 3873 eo
815 3807 1026 3877 aeternaliter
1055 3810 1381 3899 immutabiliterque

269 3883 453 3970 quieeeant.
508 3889 614 3958 Causa
652 3889 814 3976 siquidem
851 3891 1004 3957 omnium
1038 3911 1217 3981 propterea
1252 3892 1382 3962 dieitur

268 3987 402 4045 creare,
424 3971 587 4054 quoniam
607 3976 647 4038 ab
669 3997 708 4060 ea
728 3973 924 4040 universitas
945 3996 1083 4054 eorum.
1106 4000 1193 4066 quae
1213 3979 1284 4065 poll
1305 4001 1383 4044 eam

269 4049 310 4114 ab
331 4071 372 4114 ea
390 4067 501 4116 ereata
520 4053 616 4132 sunt,
649 4055 687 4121 in
709 4079 831 4144 genera
849 4073 883 4122 et
902 4057 1028 4157 species
1050 4076 1083 4126 et
1104 4083 1278 4138 numeret,
1316 4063 1383 4128 dis·

269 4131 426 4201 ferentiae
453 4156 589 4224 quoque
618 4155 815 4230 caeteraque
835 4162 921 4230 quae
940 4163 978 4208 tn
999 4159 1120 4212 natura
1139 4145 1278 4213 condita
1298 4167 1381 4214 eon·
