2922 4978
444 277 552 352 ntae
573 277 738 366 osaea
1016 375 1018 384 Α
1070 222 1147 354 ars
1235 243 1243 250 ’

254 436 258 448 .
579 451 582 456 Δ
809 409 815 451 t

44 463 138 556 penti
157 461 381 532 maledicitur.
423 463 502 532 lion
526 463 617 544 enim
636 469 731 533 Deus
748 463 924 534 maledicit
944 483 983 534 er
998 487 1086 556 quae
1099 467 1149 535 ie

47 551 108 627 cit,
133 549 190 616 sed
211 547 400 632 benedicit3
421 548 563 616 Animus
587 567 698 617 autem
720 567 754 617 et
775 551 888 616 sensus
911 567 1061 619 creatura
1080 551 1150 620 nat

45 633 139 709 sunt,
162 632 303 698 carnalis
322 641 403 696 vero
426 633 603 700 delectatio
627 652 717 700 extra
738 635 886 702 divinam
901 635 1147 714 conditionem,

45 715 326 784 irrationabilibus
341 713 655 783 humanae'animae
670 718 874 819 pellionibus
891 719 1033 800 ortaell3
1053 718 1150 784 ideo·

45 823 108 888 que
136 800 272 890 divinae
302 799 488 866 sententiae
513 801 681 870 severitati
710 801 918 878 succumbit,
956 802 1035 902 quia
1056 817 1151 868 extra

45 901 197 950 naturam
228 905 246 950 a
275 885 350 948 Deo
371 885 458 949 sacta
477 883 653 974 reperitur.
696 885 790 972 Quid
811 883 901 950 enim
923 884 1016 950 ahud
1037 884 1080 950 est
1101 883 1151 950 di·

42 969 121 1034 vina
140 965 353 1046 maledictio,
376 967 438 1034 nili
459 988 576 1034 eorum
600 966 660 1056 qui
681 985 772 1034 extra
791 984 947 1034 naturam
967 969 1045 1034 lunt
1061 988 1149 1036 eam·

63 1075 107 1118 ue
143 1050 393 1130 contaminant,
427 1050 595 1134 justissima
627 1067 661 1117 et
688 1051 916 1118 irrevocabilia
945 1049 1149 1118 damnatio?

41 1075 137 1222 auae
165 1137 230 1200 fint
258 1149 370 1201 autem
399 1135 582 1204 animantia
610 1137 668 1202 illa
700 1151 735 1201 et
754 1135 875 1202 belliae
895 1151 1018 1213 terrae,
1057 1135 1149 1202 inter

42 1242 127 1307 quae
155 1219 295 1285 carnalis
326 1219 504 1284 delectatio
536 1243 597 1318 per
629 1241 729 1307 quam
752 1219 904 1284 diabolus
927 1217 1057 1285 seducit
1076 1218 1149 1284 ani·

41 1325 148 1378 marn,
171 1301 263 1366 etin
309 1325 351 1369 ua
372 1301 479 1368 veluti
499 1303 679 1390 principali
701 1304 778 1368 sede
798 1304 945 1380 habitat,
989 1300 1150 1367 ulcherri·

41 1409 96 1452 me
129 1401 163 1450 et
186 1325 403 1486 copiosffime
422 1388 555 1451 sanetus
576 1388 764 1453 Ambrosius
786 1387 821 1451 ln
844 1386 931 1452 libro
977 1385 1149 1452 eParadi·

41 1470 76 1536 so
98 1471 269 1555 exposutt3
299 1473 378 1535 sunt
398 1470 490 1535 enim
512 1490 629 1536 omnes
650 1469 895 1537 irrationabiles
916 1469 1078 1557 paffiones
1098 1488 1149 1534 ra·

40 1551 211 1620 tionabilis
239 1554 366 1619 nollrae
395 1571 553 1630 naturae,
583 1576 683 1641 quam
713 1567 821 1619 terrae
842 1555 1009 1620 vocabulo
1031 1552 1149 1618 divina

39 1651 280 1722 commemorat
306 1637 478 1726 scriptura.
520 1641 565 1701 Et
592 1659 638 1702 ne
659 1637 808 1714 mireris,
842 1639 933 1724 quod
953 1634 1086 1702 mixtim
1108 1655 1148 1702 ac

39 1717 147 1784 veluti
176 1717 376 1799 indiscrete,
407 1737 442 1787 et
470 1719 613 1787 carnalis
642 1719 821 1787 delectatio
842 1735 877 1788 et
897 1718 1013 1786 astutia
1034 1717 1150 1808 diabo-

36 1803 101 1868 lica
129 1801 167 1868 in
195 1803 301 1891 ligura
329 1807 362 1870 se
405 1804 494 1870 entia
521 1806 546 1870 fi
593 1803 746 1880 iliceturt
779 1804 961 1892 aliquando
984 1802 1108 1868 enim‘i
1133 1834 1147 1853 ·

39 1885 111 1952 sum
129 1885 312 1952 Diabolum
335 1891 484 1955 abolute
508 1911 549 1954 co
565 1891 647 1953 uber
662 1887 720 1951 ille
736 1889 942 1964 conformat,
964 1827 1147 1975 aliquantis)

37 1968 256 2037 libidinosum
279 1975 439 2060 deceptae
459 1974 500 2037 ab
523 1994 563 2038 eo
585 1971 726 2038 carnalis
749 1971 898 2047 animae,
926 1973 993 2039 hoc
1013 1971 1058 2036 esl
1078 1989 1147 2036 car·

37 2053 159 2119 naliter
178 2051 326 2121 viventis
346 2055 554 2143 appetitum,
577 2056 758 2143 aliquando
775 2055 914 2120 consule
928 2070 962 2120 et
975 2051 1148 2140 indistinc-
1171 2113 1175 2122 .

38 2153 71 2200 te
100 2153 282 2225 utrumque
303 2153 337 2204 et
359 2143 500 2204 alterum
520 2139 557 2205 in
579 2143 684 2205 altero
706 2153 966 2205 concatenatum
986 2137 1146 2204 infinust.

35 2221 110 2286 Nec
128 2220 320 2298 immeritot
342 2225 483 2289 alterum
505 2222 597 2290 enim
614 2223 682 2289 stne
704 2223 847 2288 alteros
889 2218 1058 2286 stabiliter
1083 2219 1147 2285 esc

5 2301 7 2308 ’
39 2324 111 2368 non
146 2304 264 2403 potest.
311 2306 512 2394 Ubicunque
543 2306 635 2372 enim
664 2307 768 2372 suerit
791 2304 854 2371 libi
879 2305 992 2372 inosus
1014 2301 1147 2370 animas

35 2401 234 2464 conturtus,
271 2386 320 2453 ibi
348 2392 472 2477 absque
499 2411 595 2455 mora
618 2390 725 2455 aderit
748 2387 916 2456 immundi
938 2387 1073 2488 spiritus
1094 2407 1148 2453 ac·
1247 2431 1259 2456 .

35 2471 158 2547 cellus;
186 2470 383 2559 ubicunque
411 2489 523 2538 autem
551 2473 632 2539 adlit
663 2472 849 2539 diabolicae
870 2473 1006 2536 aslutsae
1027 2469 1147 2536 introi·
1246 2509 1249 2515 ·
1358 2489 1363 2500 ·

6 2581 8 2588 ,
35 2569 108 2629 tus,
132 2553 181 2619 ibi
204 2575 276 2619 non
300 2555 406 2621 deerit
425 2555 624 2621 universalis
644 2557 793 2621 malitiae
814 2555 974 2642 pruritus.
1006 2557 1045 2618 ln
1063 2573 1147 2641 quo·
1196 2618 1200 2632 ,

6 2639 8 2674 ²
33 2658 171 2724 cunque
197 2654 309 2703 autem
337 2659 499 2725 corporeo
529 2640 625 2704 sensu
645 2637 704 2724 qui
725 2638 761 2702 in
784 2639 891 2726 figura
912 2636 1063 2702 mulieris
1085 2657 1147 2739 1³9·
1190 2706 1195 2717 „
1279 2667 1283 2680 ¹

32 2720 146 2796 nitur,
169 2723 254 2786 haec
274 2723 343 2787 duo
365 2722 590 2787 convenerint
608 2723 810 2798 necess'ario,
832 2719 973 2785 illicitus
995 2721 1085 2795 clus,
1106 2721 1146 2784 11·

7 2819 8 2822 ’
31 2805 148 2870 licitae
169 2825 285 2880 escae,
309 2807 375 2870 hoc
399 2806 441 2870 est
461 2805 685 2870 materialium
706 2827 819 2870 rerum
841 2801 1082 2893 pulcritudinis
1100 2802 1147 2868 se·

6 2899 7 2904 ’
31 2899 158 2976 quatur
179 2888 308 2970 abufio3
329 2911 415 2976 quae
435 2905 578 2954 mortem
601 2887 732 2954 animae
755 2889 878 2962 infert,
912 2891 1010 2966 cuius
1028 2883 1146 2966 mortis

29 2993 125 3037 mors
153 2970 303 3058 comonis
332 2975 450 3038 umbra
484 2973 547 3046 eli„
580 2975 633 3036 De
663 2971 904 3036 maledictione
934 2983 1048 3035 autem
1071 2988 1147 3056 ‚qut

6 3095 9 3102 ·
31 3055 168 3154 serpens
183 3057 367 3154 'damnatus
389 3055 451 3133 esi,
477 3059 587 3158 deque
607 3054 783 3121 sententiis
804 3076 890 3156 quae
910 3049 947 3118 in
969 3052 1147 3118 mulierem

28 3136 1147 3311 sarestattsa1tttttt,t⁶ttstttt2spatiumst

6 3309 133 3372 :datm
161 3318 257 3370 nunc
285 3305 406 3370 dicere.
462 3307 566 3393 Quod
598 3305 690 3370 enim
719 3327 738 3369 a
765 3303 887 3370 sanctis
942 3303 1068 3370 atribus
1098 3303 1147 3370 sa·
1198 3361 1199 3366 ,

28 3389 74 3455 tis
113 3388 160 3454 est
197 3389 430 3476 explanatum,
475 3391 654 3476 explanare
689 3387 830 3454 sortaffis
863 3328 941 3452 visti

26 3461 270 3538 necessarium:
306 3487 340 3537 et
369 3473 461 3558 quod
488 3472 527 3536 in
554 3472 689 3538 illorum
717 3471 848 3558 scriptis
869 3469 1056 3557 plenissime
1076 3471 1147 3555 pla·

7 3556 230 3644 nillimeque
257 3554 451 3630 invenitur,
482 3575 544 3622 cur
577 3577 596 3621 a
616 3553 715 3620 uobis
736 3553 825 3619 forte
845 3551 920 3642 quis
944 3550 1148 3650 dicetqusfi

7 3640 156 3706 'melius
178 3638 364 3725 explanatis
383 3638 586 3738 repetatur?
607 3637 699 3726 quod
721 3637 804 3702 abfi‘t
824 3657 842 3700 a
864 3634 963 3700 nobis
987 3631 1147 3699 existima·

29 3723 78 3800 ri,
102 3745 186 3788 cum
209 3742 327 3790 eorum
347 3723 486 3824 velltgia
505 3721 564 3787 vix
582 3724 753 3786 valeamus
775 3717 947 3808 consequi.
995 3721 1039 3782 D.
1064 3717 1145 3782 Nou

28 3804 253 3873 necessarium
279 3808 380 3894 plane
408 3807 603 3882 videretur,
633 3803 656 3868 fi
680 3807 748 3869 boc
769 3804 876 3868 solum
897 3821 970 3890 non
993 3799 1144 3890 obstaret

28 3891 162 3957 Mirum
173 3909 330 3978 'namque
348 3889 522 3956 videbitur
541 3904 577 3953 et
596 3887 722 3956 rationi
743 3885 919 3973 textuique
939 3881 1146 3979 ¹disputatiob

29 3973 83 4040 nis
115 3971 386 4051 inconveniens,
415 3995 478 4040 cnr
505 3993 584 4040 curn
610 3991 699 4058 pene
719 3969 835 4036 omnia
855 3989 942 4058 quae
964 3971 1007 4034 de
1025 3983 1147 4035 natum

28 4055 175 4142 paradis
194 4055 395 4144 spiritualis,
412 4051 527 4146 ¹dequo
545 4054 601 4122 bis
616 4074 702 4154 quae
716 4053 754 4118 in
764 4071 812 4119 'eo
824 4053 915 4119 ¹lacta
930 4047 1029 4138 luisse¹
1044 4045 1146 4137 scrip-

28 4153 107 4208 tura
140 4155 402 4217 commemorat,
432 4140 580 4208 dicenda
594 4140 819 4216 videbantur,
873 4135 1006 4202 uamvis
1025 4134 1145 4218 eurum

29 4223 251 4315 navimque
277 4223 469 4298 sanctorum
497 4238 633 4315 patrum
661 4159 1146 4332 fmtmdu‘iequmtbedge

942 3387 1178 3452 bitur-nort'
1216 3433 1221 3438 -
1267 3409 1269 3420 ·
