2912 4978
311 253 384 325 m
424 322 428 329 ,
645 205 1095 358 oeconomum.

312 436 507 529 perturbor,
530 435 587 502 led
609 433 733 524 magia,
756 449 792 500 et
810 431 938 501 merito
953 435 996 502 dc
1016 431 1221 500 obscuritate
1238 433 1408 522 praesentia

311 519 513 611 quaestionis
533 539 689 596 moveor3
713 522 851 618 ejusque
872 516 1075 584 solutionem
1098 517 1232 582 facilem
1256 518 1327 583 lieri
1346 539 1406 582 non

313 605 447 694 opinor.
490 605 539 668 Μ.
570 606 764 668 ’Βεάοαιηαο
785 620 900 689 itaque
922 605 964 667 ad
985 624 1023 666 ea
1045 602 1186 688 quaein
1208 601 1313 688 priori
1331 602 1407 666 libro

312 687 404 754 inter
435 707 500 753 noa
529 683 669 757 diaculla
700 701 735 751 et
755 687 798 752 ad
817 707 940 774 purum
962 685 1012 763 (ni
1034 685 1146 760 fallor)
1170 687 1313 750 deducta
1332 685 1408 748 lunt.

314 777 359 838 D.
393 773 489 858 Quae
517 771 595 835 sunt
621 771 679 835 illa
707 773 926 845 adm0neaa,·
959 769 1069 834 uaeso.
1111 769 1160 834 M.
1182 767 1409 834 Recordarim'e

312 856 404 921 inter
430 877 494 921 not
522 858 564 922 ad
593 853 762 942 liquidum
790 791 987 928 consedilie,
1020 855 1150 918 nullam
1182 852 1411 942 categoriarum

313 936 453 1006 denario
484 959 626 1004 numero
656 937 889 1004 conclusarum
921 938 963 1001 de
984 936 1102 1002 divina
1121 951 1244 1002 natura
1264 937 1332 1000 ullo
1351 953 1410 999 mo·

315 1025 361 1089 do
381 1021 519 1110 proprie
539 1021 726 1111 praedicari
745 1023 847 1108 polie.
890 1025 933 1086 D.
965 1022 1054 1085 Illud
1075 1021 1273 1086 inconculle
1293 1033 1327 1083 et
1346 1039 1412 1082 con·

311 1106 435 1173 cellum
465 1105 510 1170 est
536 1123 571 1171 et
599 1105 789 1171 stabilitum.
833 1105 882 1171 M.
909 1106 989 1168 No'n
1015 1103 1027 1167 i
1053 1103 1122 1168 'tur
1151 1121 1222 1168 tarn
1254 1101 1412 1175 laboriose,

190 1237 192 1250 .
311 1205 353 1254 ut
374 1187 543 1266 aestimas,
572 1187 609 1254 in
631 1192 732 1269 hujua
753 1187 1009 1274 quaellioniadj
1048 1190 1174 1252 cultata
1197 1188 1354 1254 solvenda
1373 1185 1414 1246 ia·

312 1271 484 1350 dabimus,
514 1270 538 1338 fi
566 1271 690 1362 prioris
724 1271 803 1336 libri
822 1287 910 1336 ratae
931 1273 1164 1337 conclusiones
1187 1285 1287 1336 acute
1307 1265 1415 1368 perspi·

311 1354 452 1423 ciamus.
493 1358 630 1423 Illarum
650 1353 812 1456 liquidem
835 1355 966 1419 subtilia
989 1375 1028 1420 ac
1047 1356 1125 1442 perf
1148 1355 1225 1420 icax
1245 1351 1368 1418 utilitaa
1382 1349 1413 1414 in

311 1443 380 1506 boc
414 1441 493 1505 loco
525 1441 792 1526 pulcherrimum
823 1439 992 1516 fructum,
1033 1439 1110 1504 utili
1149 1461 1246 1503 mum
1270 1459 1314 1501 ue
1343 1436 1415 1499 ferre

310 1521 586 1589 manifestabitur.
628 1527 672 1587 D.
707 1526 811 1588 Valde
840 1521 904 1586 erit
930 1523 1171 1598 necessarium,
1202 1461 1294 1586 fiio
1317 1515 1414 1586 fuerit

310 1610 361 1671 M.
380 1606 455 1671 Erit
473 1607 594 1694 planc;
630 1605 716 1694 ipsae
738 1605 852 1694 itaque
874 1621 947 1670 cate
972 1606 1058 1670 oriae
1077 1606 1232 1671 breviter
1251 1605 1290 1669 in
1308 1619 1418 1669 memo·

310 1689 397 1754 riam
432 1709 592 1755 revocare
629 1687 903 1755 ratiocinationia
941 1629 1039 1754 {gerice
1070 1689 1212 1755 videtur
1243 1703 1417 1776 exposcere.

311 1777 356 1839 D.
380 1769 455 1838 alia
475 1771 704 1861 inquifitionia
724 1773 780 1838 via
802 1793 875 1838 non
897 1772 1031 1836 arridet.
1068 1774 1233 1838 Attamen
1252 1772 1418 1866 interroga·

312 1856 384 1921 live
407 1877 462 1920 eae
481 1855 701 1943 recapitulet,
723 1855 840 1922 velim.
884 1859 932 1919 M.
956 1861 1111 1921 lntentus
1132 1857 1255 1944 itaque
1275 1859 1365 1920 bunc
1379 1871 1418 1913 rn·

308 1939 506 2026 terrogandi
528 1939 682 2006 ordinem
703 1938 847 2004 intuere.
892 1939 1004 2024 Quid,
1033 1955 1219 2025 quantum,
1250 1939 1365 2026 quale,
1386 1932 1420 1996 ad

312 2023 418 2110 quid,
442 2044 510 2111 quo
532 2023 610 2099 fitu,
633 2041 700 2112 quo
721 2023 861 2099 habitu,
883 2023 1016 2096 locine,
1039 2023 1271 2111 temporisne,
1302 2018 1369 2108 agit
1387 2037 1421 2079 an

310 2105 450 2194 patitur.
492 2111 578 2172 Item
598 2107 623 2170 fi
642 2107 695 2170 via
717 2109 854 2172 Graece.
900 2101 962 2184 Tl,
986 2102 1111 2182 πόσους
1133 2103 1256 2186 ποιὸν,
1283 2101 1366 2198 πρός
1383 2123 1419 2175 '1¹2

245 2241 249 2250 .
312 2190 463 2268 κεῖςθαι,
496 2185 564 2282 ipa
592 2185 735 2280 ἓχεθαι,
767 2185 835 2281 ἄρα
864 2211 942 2265 ποι,
972 2188 1073 2267 πότε,
1102 2213 1137 2256 rt
1169 2187 1334 2282 epeia-rer,
1366 2181 1422 2276 ipa

312 2267 336 2365 ἥ
360 2269 507 2374 πάςχεξῑ
536 2277 659 2354 horum
680 2273 796 2360 itaque
814 2276 856 2338 de
878 2279 953 2338 Deo
973 2277 1107 2342 nullum
1129 2275 1276 2364 proprie
1296 2275 1421 2339 interro

210 2364 213 2373 “
312 2373 420 2445 gutur,
430 2379 508 2445 quaa
516 2359 650 2422 nullum
658 2357 781 2422 horum
792 2356 829 2421 in
839 2357 922 2443 ipso,
932 2379 996 2423 nec
1008 2359 1068 2422 ase
1076 2357 1244 2445 ipio,ncc
1254 2362 1295 2424 ab
1309 2353 1371 2422 alio
1379 2352 1420 2416 in·
1444 2387 1445 2432 p

310 2439 487 2528 telligitur.
509 2443 603 2506 Haec
616 2441 743 2508 etenim
759 2440 869 2516 inhia,
889 2457 974 2528 quae
992 2444 1051 2506 sub
1065 2439 1290 2508 intellectum
1299 2441 1355 2506 feu
1364 2437 1423 2500 ien-

312 2523 386 2588 ium
408 2529 526 2590 cadere
546 2527 752 2611 probantur,
773 2525 911 2610 proprie
931 2525 1131 2590 considerari
1156 2529 1312 2614 poliunt.
1344 2517 1423 2608 Quid

312 2606 406 2672 enim
425 2609 450 2673 fi
472 2608 732 2696 interrogaveris
754 2611 795 2672 de
817 2612 906 2684 Deo,
937 2609 1021 2696 quid
1040 2610 1096 2684 fit,
1120 2631 1249 2675 nonne
1271 2609 1425 2697 quandam

310 2690 1427 2863 illiti.filiiflii&‘Silliizlaiifillillll

311 2871 450 2946 tamque
468 2857 644 2924 videbitur
664 2857 809 2922 diffinire
830 2859 1070 2924 substantiam?
1093 2861 1205 2946 Quod
1229 2861 1334 2950 saquia
1348 2873 1426 2921 vera·

201 2971 206 2989 ·
312 2940 398 3007 citer
425 2945 468 3007 ale
492 2941 568 3040 ipio
595 2941 895 3028 pronunciaverit,
924 2946 991 3008 vel.
1010 2944 1081 3032 ipse
1113 2948 1159 3009 de
1189 2945 1261 3010 rei
1289 2947 1324 3012 lo
1344 2937 1427 3033 intel:

311 3023 411 3110 ligit,
473 3046 596 3089 rrmum
626 3025 870 3122 categoriarum
898 3027 1011 3091 locum
1037 3031 1112 3108 jure
1139 3029 1270 3094 obtine
1296 3029 1341 3103 it,
1379 3041 1443 3110 qu¹2

314 3107 415 3172 certia
461 3107 657 3194 elinitiaque¹
676 3109 837 3174 tribuitur
858 3110 1033 3189 subjectis,
1056 3111 1092 3174 in
1116 3112 1270 3212 quibua,
1295 3127 1331 3178 et
1353 3108 1443 3187 ciram

314 3209 401 3276 quae
429 3189 545 3255 omnia
573 3191 748 3256 versantur
769 3209 803 3256 et
824 3193 1047 3258 continentur
1068 3197 1290 3273 accidentiaa
1323 3215 1361 3258 ac
1378 3209 1429 3290 per

312 3273 385 3336 boc'
406 3293 478 3338 non
510 3274 723 3351 translative,
751 3276 807 3340 led
835 3277 973 3364 proprie
1024 3275 1108 3341 rima
1131 3281 1178 3343 de
1205 3299 1250 3344 eo
1272 3279 1429 3368 praedm·

311 3353 409 3420 bitur
428 3357 618 3444 categoria,
651 3359 718 3423 srve
741 3359 831 3424 enirn
854 3362 893 3424 ab
915 3301 1139 3426 inteliectuali
1164 3379 1345 3440 creatura,
1376 3360 1431 3425 five

314 3457 333 3502 a
354 3438 460 3526 scipsa
480 3439 517 3504 in
543 3441 653 3530 aliqua
674 3441 817 3507 diffinita
843 3443 978 3508 essentia
1002 3443 1223 3530 intelligatur
1245 3447 1366 3513 divina
1384 3461 1442 3528 na·1

312 3535 408 3600 tura,
436 3543 509 3589 non
541 3524 682 3592 omnino
706 3526 750 3590 est
766 3526 906 3592 infinita
927 3544 962 3593 et
981 3527 1309 3619 incircumscripta,
1338 3523 1442 3596 omni-³

312 3627 381 3706 qtae
410 3605 581 3674 accidenti
606 3629 741 3686 carena3
773 3609 920 3700 ideoque
941 3633 1011 3677 non
1031 3613 1119 3676 ultra
1144 3633 1260 3680 omne
1282 3616 1376 3704 quod
1395 3607 1434 3673 di·

312 3703 404 3755 catur
425 3707 459 3758 et
478 3689 700 3782 intelligitur,
722 3696 887 3761 veraciter
906 3712 1036 3761 remota
1052 3697 1115 3761 elle
1137 3699 1316 3778 creditur,
1340 3711 1433 3788 quum

310 3769 403 3838 intra
437 3779 602 3864 quoadam
636 3776 799 3844 terminos
834 3777 998 3844 diffinitae
1034 3795 1183 3847 naturae
1223 3781 1433 3880 intelligitur·

310 3852 540 3926 Omne¹enim
564 3863 607 3926 lle
628 3883 697 3950 quo
716 3863 825 3949 potest
841 3861 1027 3950 praedicari
1045 3865 1100 3929 vel
1113 3862 1281 3958 intelligi
1296 3867 1380 3958 quad
1391 3861 1441 3932 nm

189 4007 192 4014 ,
309 3957 431 4007 eorum
452 3965 539 4032 quae
557 3945 638 4010 funt
656 3969 838 4013 numerum
856 3968 929 4014 non
949 3949 1056 4038 potest
1077 3953 1276 4038 excedere3
1314 3951 1373 4016 fed
1391 3963 1439 4010 rt·

310 4023 377 4088 luti
402 4048 480 4114 para
505 4027 544 4092 in
571 4043 665 4107 toto,
693 4033 750 4131 vel
775 4045 892 4098 totum
916 4033 955 4102 in
972 4030 1153 4186 plartibm2
1194 4038 1256 4102 vel
1276 4027 1436 4127 tornaio

182 4191 187 4200 ¹
311 4127 454 4251 genere,
486 4113 542 4260 vpl
593 4133 678 4212 cupa
707 4112 912 4196 informia,
947 4143 971 4187 r
1033 4115 1221 4222 individui
1244 4115 1387 4188 numeri
1404 4131 1436 4242 1¹}

326 4212 438 4276 pecie,
470 4213 514 4260 ve
570 4217 685 4283 pecata
703 4215 743 4266 m
761 4203 972 4284 individuo,
1004 4201 1059 4268 vel
1079 4205 1357 4290 praeductam
1373 4217 1440 4287 ⁰¹¹¹.
