2942 4976
401 263 408 276 .
480 214 837 300 .tareromtm.2
908 271 912 281 .
1117 179 1244 286 oto

108 402 498 496 pum-minentem.
523 400 1207 478 armemanemomametedmnom·
1245 421 1253 432 ’
1300 423 1303 429 ·

104 506 168 552 nee
200 482 463 550 immutabimur.
504 484 592 550 Nam
620 483 692 571 qui·
713 486 753 550 ab
775 481 876 549 initio
899 483 1210 570 mundi-usquead

107 569 294 634 seeundum
316 565 456 633 Domini
477 569 677 646 adventum.
700 570 766 634 hoo
786 566 830 630 est
851 588 958 664 utque
981 570 1022 634 ad
1043 566 1146 641 finem
1161 569 1208 632 se·

105 649 177 718 ettli
196 650 322 716 mortui
346 651 440 723 sunt,
482 664 517 714 et
536 649 741 725 moriuntur,
778 665 812 714 et
830 649 986 716 montani
1006 650 1108 726 sunt..
1138 672 1210 716 uon
1260 657 1263 665 '

108 734 275 820 continuo
306 736 430 820 alteque
451 733 519 798 ulla
539 753 653 810 mora,
687 752 804 800 vetum
825 732 1027 818 interpositis
1047 747 1210 818 temporu-
1308 759 1310 764 ·

103 817 194 886 libne
221 816 335 902 spetile
349 869 353 878 .
367 815 640 884 resurectionem
661 816 818 901 ‚corporie
850 838 1062 882 communem
1086 837 1210 902 expeu-

107 915 202 973 tant.
225 916 356 997 praeter
378 919 434 964 eoa
455 896 514 985 qui
534 920 609 964 cum
627 899 755 966 Christo
770 897 1031 965 resurrexeruntt
1053 898 1104 963 illi
1117 920 1209 975 vero,

107 1003 195 1070 quot
226 1005 264 1046 ru
296 1004 395 1048 carue
417 979 569 1048 viventes
590 981 669 1050 finio
688 982 808 1052 mundi
830 999 863 1048 et
883 987 1056 1048 adventur.
1070 981 1213 1048 Domini
1317 990 1322 1002 ’

56 1099 60 1106 ·
104 1064 279 1140 inveniet,
300 1085 372 1130 uon
393 1066 498 1131 solum
522 1067 706 1142 dormient,
728 1089 845 1132 verum
867 1065 968 1132 etiam
983 1066 1210 1132 immutabun-

106 1166 181 1214 turt
216 1151 312 1215 nullo
332 1148 414 1245 quip
440 1171 458 1212 e
480 1151 654 1236 temporali
676 1149 783 1235 spatio
805 1149 999 1238 interposito
1020 1151 1116 1215 simul
1139 1152 1213 1216 dor-

104 1231 215 1299 mient
250 1249 284 1297 et
321 1254 375 1295 evt
403 1171 547 1307 ‘libum
583 1237 649 1300 hoe
667 1233 722 1296 est
753 1233 944 1300 morientur·
967 1249 1001 1298 et
1027 1234 1210 1327 resurgent.
1270 1261 1271 1266 ¹

107 1317 192 1384 ficut
212 1313 283 1401 ipse
303 1319 375 1401 Apo
402 1318 479 1379 olna·
496 1314 595 1392 dicit,
618 1315 654 1380 in
677 1333 869 1392 momento,
892 1316 929 1380 in
952 1315 1022 1382 ictu
1038 1318 1139 1382 oculi.
1156 1317 1225 1378 ‘lta

202 1400 255 1464 lm
274 1397 465 1465 immutatio
486 1397 521 1464 in
545 1398 613 1474 eie,
645 1421 743 1485 quam
759 1421 854 1465 more
875 1389 1077 1485 perficiatur.
1122 1401 1212 1483 Quo·

168 1422 211 1547 iit
241 1481 333 1548 euim
361 1504 451 1548 more,
470 1481 691 1568 intelligitur,
727 1483 786 1546 ubi
807 1484 938 1548 nullum
951 1483 1101 1569 'spatium
1125 1481 1213 1548 inter

108 1414 150 1466 ut

107 1503 164 1550 mo

108 1563 237 1630 exitum
267 1569 309 1630 tle
339 1567 403 1631 hee
431 1565 518 1638 vita.
555 1581 589 1628 et
610 1566 786 1632 transitum
807 1566 842 1630 in
865 1569 1000 1632 alter-am
1021 1566 1214 1652 interpone:

108 1647 189 1712 tur?
223 1648 294 1732 Qui
323 1663 434 1712 autem
455 1650 715 1724 transtulerunt,
750 1673 861 1716 omnes
879 1653 1009 1734 quidem
1031 1649 1214 1714 immutabi-

105 1753 194 1808 mur,
206 1727 274 1822 Jed
286 1755 348 1797 non
361 1755 469 1796 omnes
487 1733 697 1807 dormiemus,
718 1733 806 1804 nihil
827 1733 918 1802 aliud
937 1733 1212 1805 videnturuelle⁹

3 1897 7 1904 ,
107 1815 175 1886 niti,
193 1817 285 1900 quod
306 1816 596 1900 omneehotuinee
617 1815 661 1880 in
675 1814 916 1885 resurrectione
938 1818 1049 1882 sutura
1066 1819 1214 1901 deprae-

107 1895 195 1962 senti
216 1899 287 1963 vita
306 1897 343 1961 in
365 1899 533 1976 futuram,
556 1900 613 1964 alii
636 1915 744 1967 morte
765 1901 915 1985 corporis
929 1899 1134 1986 interposita,
1153 1895 1215 1962 ,alii

105 2002 178 2046 non
200 1979 411 2066 interposita,
434 1983 893 2068 immutabuntu13qnorido‚
915 1999 954 2046 ut
974 1983 1065 2049 idem
1081 1980 1215 2068 Apollo·
1240 1995 1244 1999 ·

105 2066 161 2129 lut
183 2063 251 2138 eit,
284 2067 497 2148 corruptibile
515 2071 597 2142 boe,
629 2068 790 2132 videlicet
810 2088 947 2153 corpur,
976 2069 1090 2130 induet
1113 2069 1214 2128 incor-

105 2151 309 2228 ruptionem,
342 2163 376 2214 et
406 2152 542 2217 mortale
561 2155 622 2217 tac
643 2154 757 2216 induet
779 2152 1076 2224 immortalitatem,
1108 2162 1142 2212 et
1159 2145 1215 2212 ub·

97 2227 288 2326 sorbebitnr
308 2255 394 2298 mors
414 2239 448 2300 in
468 2239 662 2309 victoriam,
686 2231 906 2327 ettnoviffime
917 2237 1051 2299 inimico
1071 2231 1214 2326 destrue·

105 2317 164 2379 tirr
190 2338 295 2380 mors.-
324 2317 381 2380 led
414 2340 485 2382 non
509 2341 623 2384 omnes
647 2320 870 2392 dormiemus,
901 2320 968 2382 hoc
989 2319 1032 2382 est
1053 2337 1123 2380 non
1142 2336 1216 2382 ,om-

101 2420 168 2464 -nee
191 2415 334 2464 mortem
359 2401 475 2470 carnis,
491 2401 686 2486 patientur,
718 2397 912 2487 priuiquam
935 2404 975 2464 de
996 2401 1065 2464 vita
1089 2414 1216 2482 tempo·
1260 2404 1280 2422 ”

102 2481 169 2548 -rali
199 2482 235 2545 in
264 2481 367 2546 vitam
398 2483 624 2548 immittentur
658 2501 837 2550 aeternam.
880 2484 966 2548 Nam
988 2503 1072 2568 quoe
1095 2484 1217 2544 adven·

97 2582 164 2631 ‘tua
192 2564 255 2630 filii
285 2563 435 2630 hominii
457 2566 551 2631 vivos
573 2572 638 2645 jam
661 2567 698 2630 in
722 2587 821 2632 carne
841 2566 1005 2649 reperiet.
1034 2585 1124 2630 more
1146 2582 1218 2630 cor·

107 2647 200 2736 porie
222 2669 293 2712 non
318 2647 491 2722 dissolvet.
513 2671 578 2713 nec
600 2649 841 2737 separationem
864 2646 1013 2735 corporis
1036 2645 1217 2740 et'anirnae

108 2729 298 2831 patientum
336 2732 394 2796 sed
424 2733 632 2796 solummodo
664 2733 701 2795 in
731 2746 921 2806 momento,
957 2729 994 2794 in
1024 2729 1096 2794 ictu
1127 2727 1217 2791 oculi

107 2812 381 2880 immutationem
420 2818 614 2890 habebunt3
656 2815 898 2901 ideoqueanon
933 2813 1119 2885 dormient,
1160 2809 1218 2876 sed

110 2899 260 2984 lumper,
282 2899 375 2962 nulla
396 2915 504 2964 morte
524 2897 634 2962 carnit
655 2898 866 2995 interposita,
887 2895 1017 2961 vivent.
1044 2892 1125 2960 -cui
1147 2893 1219 2954 sen·

107 2979 161 3046 lui
186 2978 326 3045 omnino
349 2979 439 3048 favet
460 2982 602 3046 Sanctus
624 2981 824 3078 Augustinus
845 2993 879 3042 et
898 2983 1041 3045 loannes
1076 2974 1217 3056 Chryso·

108 3064 242 3130 stomue.
294 3062 539 3136 Fidei-etiam
560 3066 728 3129 eathohca
758 3063 892 3127 videtur
924 3067 991 3128 hoc
1022 3060 1217 3151 approbare,

103 3193 106 3198 ,
134 3167 198 3210 uae
229 3147 467 3216 incunctanter
487 3147 594 3215 credit
615 3147 801 3212 Dominum
823 3145 970 3210 nostrum
991 3145 1098 3208 lesum
1123 3141 1219 3207 Chn-

110 3170 196 3296 ium
215 3229 365 3308 judicare
384 3230 482 3296 vivoe
505 3244 540 3294 et
558 3246 707 3296 mortuos
720 3244 929 3300 uenturum:
951 3228 1046 3292 viror
1069 3224 1217 3313 quidem·
1323 3253 1326 3263 ·

110 3331 196 3399 quot
218 3314 382 3386 adventuo
402 3311 526 3394 judicie
547 3329 722 3378 manenter
747 3315 858 3377 adhuc
878 3311 915 3376 in
938 3332 1037 3376 carne
1052 3305 1217 3404 reperiett

108 3409 262 3460 mortuo·
289 3415 390 3472 vero,
427 3396 485 3480 qui
516 3400 581 3473 jam
614 3396 816 3464 solutionem
848 3393 998 3479 eorporis
1034 3409 1067 3455 et
1089 3407 1221 3458 animae

110 3475 254 3573 perpelli
274 3477 361 3542 sunt.
414 3480 457 3542 D.
479 3479 604 3542 Nonne
627 3500 704 3624 erffo
727 3497 861 3550 omnes,
888 3477 952 3563 ¹qui
972 3476 1007 3539 in
1029 3471 1219 3559 paradisum

109 3559 255 3627 redituri
275 3560 368 3634 sunt,
391 3562 458 3625 h'oe
479 3561 580 3625 estin
601 3561 653 3648 pri
680 3561 770 3624 inam
792 3574 931 3624 naturae
951 3561 1125 3621 humanae.
1138 3572 1219 3618 con·

110 3641 294 3719 ditionem,
324 3641 410 3728 ligni
440 3643 531 3709 vitae
562 3645 711 3710 fructum
741 3639 1020 3728 participabunt?
1056 3640 1105 3702 M.
1140 3637 1219 3700 Non

112 3747 230 3794 omnes
246 3727 455 3812 pluam-sed
475 3726 553 3802 soli,-
577 3725 635 3814 qui
656 3729 824 3792 mundum
846 3740 880 3788 et
900 3744 1033 3788 carnem
1054 3717 1218 3795 vicarium

109 3813 194 3878 licut
224 3809 261 3876 in
297 3810 493 3895 Apocalypsi
514 3810 675 3896 scriptum
698 3809 781 3872 ellt
800 3810 837 3874 V
835 3811 936 3870 icenti
956 3805 1041 3870 dabo
1063 3804 1157 3868 edere
1178 3802 1221 3866 <le

108 3897 201 3976 ligno
219 3897 328 3969 vitae,
347 3896 437 3976 quod
458 3890 506 3979 est
518 3895 562 3956 ,in
577 3887 735 3986 paradiso
752 3893 826 3956 Dei
843 3893 917 3954 mei.
945 3891 989 3952 Et
1005 3885 1221 3980 gratiosiqui·

107 3979 191 4044 dem
218 3991 251 4042 et
279 3992 417 4051 natura,
450 3973 548 4044 utin
571 3975 798 4061 superioribus
822 3989 996 4038 tractatum
1020 3971 1081 4041 esl.
1110 3988 1222 4034 omni·

113 4063 179 4124 ltut
208 4058 404 4124 hominibut
434 4058 660 4126 communiter
688 4058 868 4154 praestatur
900 4056 937 4119 in
965 4051 1157 4140 paradisum*
1174 4072 1222 4112 re·

93 4141 208 4240 ,diter
231 4141 400 4208 solarem
417 4139 525 4227 gratie
544 4141 621 4211 solit
643 4137 808 4222 dersreatie
830 4143 871 4206 de
892 4138 986 4224 ligno
1008 4135 1098 4200 vitae
1112 4136 1219 4200 edere.
