2854 4978
424 269 545 342 tuter
571 269 723 346 uerum
1057 271 1134 356 tre

92 456 124 523 lit
149 455 188 524 cll
213 453 403 526 constituto.
444 458 489 521 lit
519 471 559 522 ut
588 457 688 526 altine
716 457 933 532 crememur
952 479 978 532 u,
991 457 1134 546 primun

61 481 175 606 illitu
187 541 314 616 ‘eculin
335 540 433 640 supra
454 561 535 628 quer
556 563 635 607 vern
655 541 743 609 ratio
763 537 814 604 nil
833 538 986 628 luperiur
1000 557 1134 630 praeter

59 625 259 694 lolumdeum
280 641 423 712 repent,
441 623 630 701 inchoant,
652 648 714 724 per
732 625 901 692 naturales
922 624 1060 706 ordiner
1081 625 1134 697 in·

57 707 254 798 telligibilium
276 709 534 809 coelestiumque
556 710 768 776 essentiarum
788 724 824 774 et
838 706 1133 788 visibiliumffmun·

57 795 121 878 dun
140 792 231 860 idum
257 791 556 870 constituentium,
598 815 637 858 uc
662 816 705 877 ue
734 797 776 860 ad
808 808 996 864 extremum
1019 793 1133 864 *totiut

53 893 194 943 creaturae
221 876 394 952 ordinem,
429 876 487 964 qui
516 876 649 964 corpori
673 899 714 942 uc
747 897 995 965 corporumque
1026 876 1134 947 incre·

53 960 150 1025 mentis
171 959 446 1048 detrimentieque
468 961 645 1048 impletur,
667 961 769 1027 variis
791 983 926 1050 quoque
942 960 1135 1030 deceffioni.

51 1044 97 1107 luc
125 1065 180 1131 per
207 1043 454 1110 catholicorum
482 1046 725 1110 elementorum
754 1045 791 1110 in
822 1043 961 1132 propria
991 1045 1132 1124 coitum,

50 1147 207 1215 eorumque
244 1127 281 1192 in
311 1127 477 1194 catholica
502 1127 706 1194 solutionem
732 1133 924 1216 peragitur,
961 1129 1136 1210 descendit

49 1211 165 1276 creatrix
194 1210 300 1276 totino
321 1210 545 1276 universitatis
566 1229 704 1287 natura,
735 1213 897 1301 quoniam
920 1211 1058 1280 infinita
1079 1213 1134 1292 est,

47 1293 129 1357 nullis
147 1293 273 1362 finibus
293 1295 421 1360 sursum
444 1296 497 1360 vel
520 1297 673 1362 deorsum
694 1296 922 1364 concluditur.
951 1288 1135 1384 lpla¹srqui-

48 1378 107 1440 dem
125 1375 229 1443 ambit
249 1377 380 1455 omnia,
415 1393 449 1444 et
465 1401 487 1443 u
512 1381 609 1444 nullo
632 1380 795 1458 ambitur,
819 1398 885 1446 neo
905 1378 1030 1446 mirum
1053 1385 1136 1462 dum

44 1481 94 1524 nec
120 1485 137 1528 o
166 1463 271 1548 leiplu
304 1459 424 1526 ambiri
445 1462 564 1532 finitur
607 1463 664 1528 uie
685 1463 918 1532 universaliter
937 1463 1047 1530 nescit
1069 1489 1137 1534 am·

43 1542 102 1609 biri.
141 1547 437 1632 Quemadmodum
466 1486 699 1612 univerialiter
726 1547 887 1635 ascipia,
919 1564 1046 1634 quanto
1067 1571 1138 1616 rna·
1246 1611 1249 1618 .
1335 1589 1339 1598 ·

41 1624 134 1711 girat
157 1629 244 1704 ulio,
275 1628 518 1715 comprehendi
539 1631 597 1693 seu
618 1629 655 1694 in
679 1625 793 1729 aliquo
815 1629 958 1697 delinito
979 1634 1034 1710 vel
1056 1633 1137 1700 defi·

43 1709 121 1777 nibili
141 1712 177 1777 l'n
204 1712 440 1778 erueturulitec
462 1711 581 1801 effugit
602 1712 767 1860 intellipp,
796 1713 859 1780 nili
880 1716 967 1780 forte
989 1715 1065 1802 quic
1088 1715 1137 1781 di·

42 1811 98 1871 cat,
118 1795 155 1862 in
175 1737 246 1866 inc
268 1799 338 1878 solo
359 1797 391 1860 l'e
410 1795 535 1872 ambit,
557 1800 638 1862 dum
661 1797 693 1860 se
723 1795 926 1884 apitambiri
940 1801 1135 1885 nonpoffet

40 1875 67 1940 in
84 1883 143 1946 hoc
165 1882 198 1948 le
221 1880 500 1967 comprehendit,
536 1881 617 1952 dum
640 1880 672 1944 le
693 1881 724 1946 le
752 1881 780 1945 it
800 1882 1137 1970 comprehensibilem

40 1983 94 2026 non
113 1966 192 2042 elle;
217 1964 257 2030 in
278 1965 399 2036 hocle
421 1962 599 2049 intelligit.
623 1965 704 2029 dum
727 1906 812 2052 lipit
831 1964 868 2029 in
889 1967 961 2029 ullo
982 1968 1016 2030 le
1037 1966 1138 2031 intel·
1188 1978 1191 1989 '
1242 2025 1244 2033 ,

36 2043 83 2132 ligi
101 2046 304 2136 impoffibile
326 2048 407 2131 elle3
442 2047 520 2134 quia
543 2068 646 2112 omne
670 2052 763 2133 quod
785 2048 854 2122 estc
878 2063 913 2112 et
932 2051 1040 2134 potest
1061 2052 1135 2126 elle,

37 2127 157 2214 inperat.
192 2137 341 2198 Etcum
362 2131 410 2196 ita
431 2133 488 2205 sit,
511 2133 691 2218 nullusque
711 2146 803 2196 recte
818 2129 1137 2219 Philosophantinm

34 2211 73 2276 hic
90 2215 282 2284 rationibuo
305 2231 430 2280 temere
453 2215 590 2287 resistat,
614 2237 675 2280 cur
696 2211 786 2278 intra
807 2215 1033 2284 universitatis
1052 2215 1140 2294 divi:

34 2295 123 2366 fionet
139 2323 157 2364 u
174 2317 211 2366 te
225 2300 452 2380 constituatur
467 2320 538 2363 non
555 2299 657 2386 plane
668 2297 780 2364 video.
804 2301 901 2362 M.ln
913 2298 1137 2366 divifionibnr

33 2380 627 2452 unirerfitatiuconditaenullomodo
637 2405 710 2448 eam
720 2381 902 2468 posuerim,
917 2381 954 2448 in
965 2382 1137 2448 divisioni·

30 2463 78 2528 buc
94 2482 205 2534 tutem
227 2467 332 2554 iplit'ro
346 2466 572 2532 univerfitatie
589 2488 674 2551 quae
691 2486 761 2530 uno
780 2481 921 2530 naturae
937 2466 1136 2532 universalis

31 2551 180 2617 vocabulo
204 2573 285 2617 com
310 2549 526 2625 retunditur,
549 2571 620 2625 non
637 2571 707 2616 uno
724 2550 782 2614 led
795 2547 980 2647 multiplici
992 2549 1142 2622 rationis,

29 2627 141 2698 iutuitu
160 2575 364 2723 poneninm
385 2632 545 2715 judicavi.
577 2637 627 2697 Eo
649 2654 796 2720 namque
811 2653 963 2708 nomme.
976 2636 1079 2719 ‘quod
1092 2631 1138 2696 est

29 2731 148 2793 mmm,
172 2741 253 2784 non
276 2719 381 2782 [olum
409 2732 518 2782 creata
542 2715 755 2790 univerlitac‚
777 2737 895 2780 verum
917 2717 1018 2783 etiam
1033 2715 1136 2801 ipsun

26 2802 149 2866 creatrix
164 2803 259 2868 solet
273 2800 470 2888 fignificari3
490 2798 601 2896 prima
612 2799 776 2887 liquidem
793 2797 982 2896 etrneximp
994 2800 1039 2864 est
1049 2796 1137 2895 divi·

27 2881 60 2944 lto
78 2885 286 2951 universalic
305 2885 462 2959 naturae,
494 2882 750 2948 mercatricem
771 2883 997 2946 univerfitetru
1017 2883 1137 2946 coudr-
1201 2932 1208 2944 .

26 2977 81 3042 ue,
115 2985 151 3034 et
182 2985 336 3035 creatam
363 2965 401 3032 in
434 2966 503 3052 ipra
532 2965 671 3032 condita
699 2963 937 3049 universttate3
971 2963 1137 3032 nimirum

25 3069 87 3114 cum
114 3051 288 3118 naturalis
320 3051 377 3115 ista
409 3046 527 3114 divifio
557 3049 595 3112 in
622 3049 782 3114 omnibus
803 3047 1076 3116 univerfitutibuc
1096 3047 1153 3122 inv

24 3129 187 3201 infinitum
210 3134 433 3200 uniformiter
453 3133 619 3208 servotum
644 3156 723 3204 num
743 3132 940 3201 universalis
962 3132 1048 3200 boni
1068 3129 1136 3218 pri·

21 3239 64 3280 nu
84 3221 189 3287 lectio
216 3219 284 3292 est.
315 3218 351 3282 in
373 3218 459 3282 illud
480 3238 590 3282 unum
611 3233 646 3280 et
666 3217 834 3282 summum
854 3215 1136 3290 incommutabile

23 3320 85 3380 per.
100 3303 131 3367 le
153 3319 191 3368 et
216 3299 431 3367 substantiale
451 3303 603 3376 bonnm,
641 3323 680 3364 ex
701 3323 770 3399 quo
793 3305 1046 3370 omnebonum
1066 3321 1136 3366 mu·

20 3399 82 3461 nrt,
105 3386 207 3452 etin
233 3387 322 3450 illud
342 3388 470 3449 bonum
492 3387 583 3470 quod
599 3381 868 3482 participatione
889 3383 1011 3475 summi
1032 3399 1067 3448 et
1081 3382 1135 3450 iu·

21 3469 271 3536 commutabilia
295 3467 377 3532 boni
402 3470 532 3532 bonum
553 3467 608 3532 est.
636 3467 800 3534 Similiter
819 3467 1135 3541 universalineffen·

21 3549 88 3629 tiae,
119 3550 462 3624 universaliorum,
492 3547 694 3630 universalis¹
710 3551 913 3637 sapientiae,
935 3546 1137 3616 unicaulis

19 3633 156 3714 virtutirr
190 3639 318 3704 eadem
345 3631 543 3722 principalis
573 3631 691 3700 divisio
714 3636 769 3700 est.
811 3639 852 3702 In
872 3633 927 3701 hit
949 3631 1042 3699 enim
1062 3647 1136 3696 cte·
1230 3641 1236 3654 ⁶

20 3719 153 3810 tuisque
183 3714 377 3794 similibus,
407 3717 518 3804 primo
541 3715 745 3784 discernitur
766 3741 807 3786 ea
825 3733 945 3784 neutra
962 3722 1052 3802 ”quae
1072 3734 1135 3800 per

17 3799 163 3888 seipsam,
203 3827 226 3870 a
250 3803 374 3891 seipsa,
398 3801 577 3887 inscipit,
600 3823 679 3866 vere
701 3817 735 3866 et
755 3799 1013 3869 immutabiliter
1034 3800 1135 3863 effen·
1159 3857 1163 3863 ,

18 3879 55 3946 tia
72 3891 130 3969 est,
159 3905 201 3954 et
222 3885 317 3962 vitu,
338 3901 373 3950 et
392 3883 574 3972 sapientia,
598 3900 632 3950 et
651 3882 777 3969 virtue3
801 3888 840 3950 ab
862 3907 900 3950 ea
914 3899 1033 3950 natura
1048 3901 1136 3970 quae

14 3971 281 4062 participatione
301 3969 422 4036 summi
437 3969 546 4047 boni,
570 3984 629 4034 aut
650 3984 783 4034 tautum
806 3970 869 4045 est,
893 3985 951 4034 aut
968 3981 1003 4036 et
1021 3967 1077 4043 est,
1098 3975 1135 4030 et

15 4049 105 4134 virit3
144 4072 217 4122 ant
241 4055 359 4132 eccll,
384 4069 419 4129 et
438 4051 545 4126 vivit,
570 4069 603 4117 et
625 4052 729 4139 rapit·
759 4067 818 4118 aut
841 4053 898 4129 est,
922 4069 956 4118 et
975 4050 1075 4124 vivut.
1099 4061 1151 4124 etr,

14 4130 102 4222 sepit,
141 4155 184 4207 et
224 4135 392 4210 virtutem
423 4135 627 4235 participat·
670 4099 1133 4237 Viclecueaquemndmoclum
1159 4137 1192 4163 '·

14 4219 378 4302 uuununivertncir
398 4223 557 4288 conditor
575 4243 725 4314 primum
746 4220 784 4288 iu
805 4221 1025 4311 duvrliourbuc
1047 4218 1134 4284 obtr-

635 4339 714 4406 12*

246 4541 268 4602 Ι
