2854 4978
334 303 337 316 .
436 187 769 316 muratas
1059 239 1136 312 aar
1207 241 1211 250 ·

14 461 15 516 r
70 445 118 512 pie
141 425 250 526 liutrp
273 423 472 525 scripturam
498 422 775 513 investigantium
804 423 958 494 dubitare
988 407 1133 512 aportat,
1219 454 1224 474 ·

67 511 137 654 ppod
160 530 276 576 omniu.
291 531 330 576 iii
359 512 434 574 Deo
461 509 566 576 verbo
594 525 729 574 aeterna
756 508 852 574 timul
879 525 914 573 et
934 511 1021 575 facta
1042 512 1130 578 tant

91 613 130 656 nn
154 608 183 658 et
211 614 288 660 vera
309 591 397 658 ratio
419 607 455 675 et
472 593 582 662 sacrae
601 590 783 680 scripturae
804 593 988 658 authoritas
1009 593 1046 658 in
1068 597 1136 659 hoe

67 672 234 742 unanimiter
264 674 499 753 consentiunt,
536 691 573 742 et
598 697 671 741 riori
700 675 765 740 alia
795 678 858 740 elle
888 698 973 763 quae
1001 677 1148 743 aeterna¹

67 758 138 832 lunt,
166 776 196 825 et
216 759 279 826 alia
300 782 387 848 quae
405 759 511 837 factm
540 759 598 824 leri
619 761 735 826 eadem
756 760 851 826 fimul
873 777 907 824 et
928 776 1078 836 aetema,
1101 776 1136 826 et

65 841 145 918 licta3
186 843 476 909 inveteratione
497 859 648 920 aeterna,
671 859 706 908 et
724 842 824 918 facta,
847 844 978 908 etfacta
990 860 1134 909 etaeter·

62 945 94 986 ui
114 947 151 1010 po
216 950 256 1002 ue
283 925 493 1014 intelligere,
525 927 631 1015 exigia
661 947 681 1008 ¹.
708 947 764 992 me
796 947 867 992 non
889 927 1058 992 immerito
1083 949 1135 992 ex·

14 1005 20 1066 l
62 1008 178 1105 planare.
217 1009 392 1160 Sipuidem
412 1009 450 1075 id
470 1010 578 1096 ipsum
601 1026 774 1076 aeternum
797 1027 831 1075 et
851 1009 978 1076 facturn
993 1010 1136 1074 subfiste·

14 1111 15 1120 ¹
62 1112 87 1153 re
107 1095 229 1159 videtur
282 1095 319 1160 bi
344 1115 444 1160 verae
464 1094 589 1160 rationi
609 1116 682 1159 non
703 1093 905 1170 convenire,
938 1108 973 1158 et
996 1092 1136 1158 fortaffis
1195 1121 1198 1126 ·

60 1177 185 1243 noudum
214 1200 277 1266 ego
305 1177 376 1265 ipse
406 1181 578 1264 quomodo
607 1180 674 1247 hoc
704 1176 906 1256 conveniat,
941 1179 985 1242 ad
1011 1199 1136 1263 purum

61 1255 182 1326 dinosco.
223 1265 271 1328 D.
290 1261 361 1326 lnci
389 1284 407 1326 e
428 1261 543 1348 itaque
564 1265 606 1327 de
626 1265 691 1327 hac
710 1261 919 1351 quaestione.
941 1261 966 1325 si
985 1260 1068 1347 quid
1089 1260 1136 1326 di·

60 1343 198 1419 cendum,
220 1360 256 1410 et
275 1344 359 1433 inqu
391 1363 446 1410 ere
467 1362 502 1410 et
522 1345 660 1432 aperire.

102 1445 128 1508 tt
156 1429 202 1491 M.
231 1429 393 1496 Rationes
423 1427 578 1494 omnium
598 1451 727 1504 rerum,
762 1425 843 1493 dum
866 1425 904 1498 iii
925 1426 996 1514 ipsa
1017 1443 1137 1494 natura

59 1506 146 1581 verbi,
175 1533 261 1597 quae
288 1511 565 1598 supereffentialia
597 1513 658 1590 est,
695 1510 949 1598 intelliguntur,
986 1525 1137 1575 aeternae
1178 1536 1186 1542 ·

60 1587 105 1652 elle
123 1591 267 1660 arbitror.
303 1595 392 1682 Quic
416 1594 478 1659 uid
499 1595 647 1662 enimin
669 1597 744 1660 Deo
763 1598 868 1660 verbo
882 1593 1138 1659 substantialiter

57 1671 101 1746 est,
120 1677 273 1761 quoniam
294 1701 366 1744 nori
388 1618 481 1743 iliud
525 1695 633 1745 raeter
651 1679 767 1766 ipsum·
782 1681 924 1744 verbum
945 1678 1010 1754 est,
1034 1664 1138 1742 a'eter·
1175 1683 1177 1686 ’

56 1775 118 1818 ium
144 1762 203 1828 elle
233 1765 365 1828 netelle
394 1763 448 1828 est.
520 1785 539 1828 c
567 1786 628 1850 per
656 1763 723 1828 huc
744 1761 940 1838 conficitur,
972 1776 1007 1826 et
1026 1761 1138 1850 ipsum

56 1841 170 1910 verbum
192 1862 226 1910 et
246 1845 472 1933 multiplicem
493 1845 599 1911 totius
620 1846 843 1912 universitatis
867 1845 1025 1912 conditae
1046 1842 1136 1932 prin·

13 1903 16 2048 ι
55 1918 323 2016 cipaliffimarnque
343 1929 510 1995 rationem
532 1929 568 1994 id
587 1929 698 2016 ipsum
716 1931 793 2016 elle.
835 1931 1010 1996 Pollumua
1035 1927 1140 2008 etiam,

53 2002 240 2102 institere.»
272 2013 422 2100 Simplex
452 2029 489 2078 et
505 2012 684 2101 multiplex
703 2036 816 2080 rerum
838 2013 992 2080 omnium
1013 2010 1137 2099 princi·

54 2088 187 2167 pahffima
207 2095 313 2171 ratio,
349 2095 507 2163 dominun
527 2101 669 2162 verbum
689 2099 744 2162 eti.
786 2099 873 2164 Nam
894 2119 912 2162 a
934 2095 1070 2163 Graecis
1089 2098 1139 2162 lo·

52 2188 268 2314 permeatur,
290 2183 358 2246 hoc
382 2181 442 2256 est,
465 2184 628 2254 verbum,
651 2182 705 2246 vel
726 2180 833 2256 ratio,
854 2183 909 2246 vel
931 2180 1038 2246 causa.
1085 2183 1138 2245 ln·

69 2265 181 2353 equod
201 2263 238 2328 in
264 2266 391 2330 Graeco
412 2265 597 2362 Evangelio
619 2263 780 2351 [criptum
794 2265 857 2339 est,
882 2261 914 2330 ἐν
937 2264 959 2330 ἂ
980 2265 1031 2352 xij
1055 2249 1136 2353 ‘ilfi

53 2329 155 2440 llice,
175 2349 285 2443 potest
304 2347 534 2434 interpretari:
556 2353 595 2413 ln
617 2347 787 2435 principio
811 2364 881 2412 erat
898 2290 1057 2422 verium,
1081 2349 1139 2414 vel

13 2449 15 2472 ¹
51 2439 78 2482 111
94 2431 257 2517 principio
280 2439 354 2498 erat
369 2432 474 2507 ratio,
495 2434 549 2497 vel
562 2432 598 2495 in
613 2431 783 2519 principio
799 2448 870 2496 erat
883 2433 990 2498 caula.
1022 2432 1138 2515 Quod·
1248 2483 1251 2489 -

52 2522 162 2598 c{mque
190 2505 300 2580 eniri?
313 2519 435 2580 horum
484 2516 537 2581 uia
559 2514 698 2592 dixerit,
732 2537 750 2580 a
770 2511 913 2580 veritate
933 2538 1003 2582 non
1027 2517 1139 2582 devia·

51 2585 96 2654 bit·
132 2595 215 2664 Nam
248 2597 446 2685 unigenitus
503 2599 534 2664 ei
554 2597 643 2663 filiu·
667 2614 700 2662 et
722 2602 863 2664 verbum
885 2600 948 2673 est,
984 2613 1019 2664 et
1037 2601 1136 2676 ratio,

50 2683 76 2766 οξ
96 2679 194 2770 caula.
235 2684 384 2749 Verbum
417 2681 572 2770 quidem,
609 2679 689 2769 quia
715 2680 907 2782 peripsum
928 2687 1020 2748 Deua
1043 2697 1139 2770 pater

51 2753 117 2848 dixit
133 2761 204 2828 fieri
227 2764 361 2844 omnia,
383 2766 488 2831 immo
511 2765 613 2830 etiam
636 2765 705 2852 ipse
726 2777 832 2852 patira
854 2767 984 2839 dicere,
1015 2785 1049 2830 et
1071 2765 1139 2832 dic·

48 2850 100 2915 ¹1⁰2
119 2860 150 2908 et
170 2849 280 2914 sermo
303 2849 364 2914 est:
386 2851 429 2914 sic
450 2865 490 2912 ut
510 2849 580 2936 iple
603 2848 650 2914 ait
671 2847 935 2934 inssvangeliot
963 2853 1008 2914 Et
1030 2851 1137 2914 lerino

47 2941 129 3064 ptem
147 2931 284 2996 locutus
309 2935 382 2997 lum
397 2931 500 2996 ‘vobis
523 2953 594 2998 non
617 2934 661 2996 est
679 2929 791 3010 melai,
814 2932 987 3019 seriipfiua
1004 2932 1062 3020 qui
1077 2931 1139 3008 mi·

66 3021 150 3074 tine.
192 3017 374 3102 Tanquam
396 3015 524 3081 diceret
545 3033 673 3102 aperte,
695 3019 769 3103 Ego
792 3015 852 3103 qui
873 3017 945 3080 lum
962 3017 1069 3081 sermo
1082 3035 1138 3102 pa·

13 2071 15 2092 l

48 3086 167 3188 ῑξῐιιιιιί
185 3099 325 3164 locutus
348 3099 420 3164 lum
439 3098 554 3178 vobis,
589 3101 754 3165 nonium
775 3121 890 3174 meua,
921 3100 977 3164 led
998 3101 1139 3186 loquen-

47 3182 79 3266 11?
102 3197 135 3242 tii
164 3204 220 3246 me
248 3181 374 3270 patrir;
406 3199 440 3246 et
461 3183 595 3248 secretis
616 3183 815 3250 [ubstantiae
835 3186 913 3248 suae
935 3181 1060 3248 sinibus
1082 3204 1138 3248 me
1212 3242 1219 3254 ,

46 3264 214 3357 fflgnqntii,
246 3282 284 3328 et
305 3265 417 3344 omnia
439 3288 498 3351 per
519 3290 591 3342 me,
622 3272 689 3334 hoc
712 3269 774 3344 est,
804 3268 977 3355 gignendo
998 3289 1068 3342 me,
1092 3267 1139 3330 fa·
1203 3266 1209 3273 “

47 3355 166 3437 metitis:
187 3347 293 3413 Ratio
312 3370 416 3426 vero,
440 3351 602 3436 quoniam
621 3353 692 3438 ipse
714 3351 759 3417 est
780 3351 934 3416 omnium
946 3350 1139 3433 risibilinrr

46 3428 313 3525 ft'mrifibilium
338 3431 526 3519 principale
556 3439 743 3532 exemplar,
778 3435 925 3532 ideoque
957 3457 974 3512 a
1004 3433 1167 3498 Graecia'

46 3500 116 3588 ιδεα,
138 3515 264 3590 idest,
285 3515 410 3600 speciei
431 3517 487 3580 vel
506 3517 615 3582 forma
637 3519 770 3583 dicitur.
813 3522 852 3582 ln
874 3519 947 3604 ipso
970 3516 1061 3581 enim
1082 3537 1138 3601 pa·

44 3601 81 3682 ter
104 3596 218 3664 omnia
248 3619 335 3684 quae
361 3597 472 3672 voluit
499 3599 590 3678 fieri,
618 3601 814 3688 priusquam
841 3600 964 3664 fierent
981 3598 1073 3662 vidit
1092 3598 1140 3660 fa·

45 3681 153 3742 cienda.
198 3681 311 3749 Causa
340 3702 475 3782 quoque
497 3682 559 3759 est,
593 3684 753 3780 quoniam
774 3683 963 3759 occasiones
985 3679 1139 3746 omnium

44 3763 260 3852 alternalitem
284 3780 318 3829 et
338 3765 663 3842 incommutabiliter
682 3766 720 3833 iii
740 3766 814 3854 ipio
828 3765 1011 3830 lubfistunt.
1045 3764 1139 3850 Quo·

45 3846 249 3935 niam-igitur
270 3846 326 3914 dei
346 3848 457 3926 filiun,
488 3867 523 3916 et
541 3854 701 3926 verbum,
727 3867 762 3914 et
780 3849 945 3924 ratio‚.et
966 3850 1061 3913 caula
1083 3849 1138 3926 est,

43 3939 98 3990 ¹1⁰ss
115 3928 351 4030 incongruum
377 3931 506 4012 dicere,
542 3935 681 4021 simplex
700 3948 735 3998 et
754 3931 792 3998 in
812 3935 846 3998 le
869 3931 1005 4022 infinite
1026 3931 1140 3998 multi·

42 4005 104 4150 pleiz
121 4031 270 4080 creatrix
291 4013 514 4084 univerfitatir
537 4017 697 4085 conditae
716 4012 803 4082 ratio
827 4032 860 4081 et
874 4019 971 4082 cailla
990 4016 1056 4082 Dei
1067 4039 1141 4081 vei·

61 4110 109 4158 um
128 4099 190 4162 elli
223 4119 265 4164 ac
283 4100 329 4166 fic
347 4117 533 4188 reuupreret
552 4103 626 4168 Dei·
638 4103 780 4168 verbum
794 4101 848 4182 est
866 4100 1022 4186 simplex,
1046 4114 1080 4166 et
1100 4097 1139 4162 in

44 4169 70 4236 le
86 4177 223 4248 infinite
247 4181 427 4279 multiplex
448 4184 589 4252 creatrix
609 4181 834 4252 universitatis
847 4183 1021 4262 conditae,
1042 4198 1139 4284 ¹etm-

363 4303 366 4306 .
686 4289 705 4334 ,Ι
1133 4301 1135 4312 .

1341 4261 1355 4294 Ι
