2948 4978
438 175 858 351 *manarat*
1115 209 1201 333 'aa

98 455 182 526 qnae
202 431 364 512 vidntur
383 431 478 505 iata-
492 433 527 500 [ο
546 433 610 502 eae
631 433 815 512 maaria,
835 433 933 502 nullo
949 434 1200 504 narnatino

99 519 248 607 opponi,
280 521 362 586 dom
382 517 471 584 circa
493 516 643 584 divinam
665 532 819 590 naturam
839 519 1029 596 versantur,
1061 521 1118 586 fed
1163 541 1200 586 er

97 601 209 670 omnia
244 601 282 668 in
312 601 469 670 omnibus
496 599 556 668 fibi
584 601 733 681 invicem
764 601 964 671 consentire.
1004 605 1050 668 Et
1069 619 1110 668 ot
1131 543 1199 670 linc

97 708 114 752 a
137 685 242 754 ertioa
262 683 337 761 fiat,
361 684 478 773 parreia
490 700 627 756 utamur
643 683 819 772 exampliat
841 685 936 750 verbi
991 685 1070 762 atia,
1094 709 1197 753 κατα-

96 710 217 856 &aaran⁸
247 767 347 845 dicit,
372 768 497 834 Veritaa
519 764 809 858 attemperant,
826 782 943 834 contm
970 769 1046 844 ὀὴ,
1068 770 1198 834 Veritat

95 873 164 918 non
239 849 331 927 ahie
348 850 484 916 videtur
504 855 667 938 quaedam
690 851 797 918 forma
817 850 1115 930 contradictionis,
1138 853 1197 918 sed

94 939 173 1002 dom
190 933 550 1020 intentinaafpicitnr,
571 936 664 1000 nulla
678 935 929 1000 controversrar
973 934 1086 999 oritur.
1109 938 1198 1001 Nam

116 1039 179 1082 nae
199 1016 285 1083 dicit
303 1016 430 1082 Veritaa
452 1017 611 1091 est,.non
633 1017 774 1084 affirmat
793 1018 929 1106 proprie
973 1017 1102 1082 ivinam
1124 1020 1199 1082 sub·

161 1099 244 1165 tiam
263 1099 444 1166 Veritatem
465 1102 546 1176 effe,
569 1101 626 1168 [ed
647 1101 705 1166 tali
725 1099 868 1168 nomine
886 1123 950 1188 pet
963 1103 1197 1186 Metaphoram

92 1206 112 1248 a
140 1197 292 1249 creatora
318 1185 361 1248 ad
388 1183 582 1248 Creatorem
612 1184 726 1250 vocari
747 1185 856 1270 poffea
887 1186 1015 1250 nodam
1034 1184 1197 1270 siquidem

93 1264 481 1416 wandini
495 1265 1075 1416 iiiiiimriissiim’nii‘iii?
1096 1269 1197 1416 ‘iii

93 1449 141 1500 taa
161 1433 321 1506 nonest,
343 1431 464 1498 merito
483 1430 633 1498 divinam
647 1449 800 1498 naturam
813 1372 1196 1524 ingomprehenirbilem,
1251 1413 1256 1420 ⁸

91 1539 110 1582 a
145 1538 191 1588 ne
218 1513 424 1580 ineffabilem
455 1517 543 1582 clare
573 1538 779 1603 agnoscent,
812 1538 884 1582 non
906 1538 979 1582 eam
1000 1538 1044 1580 ne
1068 1531 1103 1580 at
1122 1516 1197 1592 ess'e,

91 1601 124 1666 ie
181 1597 362 1662 Veritatem
378 1619 453 1662 nee
481 1599 595 1666 vocari
625 1599 777 1686 proprie,
809 1620 874 1665 nee
902 1601 975 1664 effe.
1061 1598 1197 1664 mnibna

91 1681 183 1748 enim
205 1679 505 1768 fignificationibua
527 1681 649 1768 quibua
672 1676 893 1780 καταφατικῆ
913 1679 1127 1750 divinitatem
1141 1702 1197 1746 ve-
1258 1709 1259 1712 ¹

89 1765 157 1840 nit,
194 1786 267 1828 eam
296 1763 437 1850 spoliare
463 1785 534 1829 non
565 1763 683 1830 nescit.
725 1767 800 1830 Una
823 1765 922 1841 dicrt,
956 1765 1119 1862 sapientia
1141 1763 1197 1842 est,

88 1847 184 1914 verbi
211 1845 316 1934 gratia
345 1869 417 1912 earn
447 1846 622 1946 induenti
649 1849 755 1945 pltera
789 1846 890 1923 dicit,
925 1845 1098 1934 Saprentia
1124 1867 1198 1912 non
1264 1887 1268 1896 ·

89 1933 150 2004 est,
175 1931 318 1996 eandem
338 1951 474 1996 exuent.
515 1932 590 1994 Una
610 1946 716 2016 agatur
738 1929 837 2006 dicit,
860 1933 926 1995 hoc
938 1928 1052 1994 vocari
1071 1930 1197 2016 potest3

89 2016 148 2080 [ed
169 2035 240 2078 non
261 2010 356 2088 dicit,
377 2015 444 2077 hoc
462 2013 599 2099 proprie
619 2013 678 2088 est;
700 2015 811 2079 Altera
833 2011 936 2088 dicit,
959 2015 1025 2078 hoc
1047 2035 1118 2078 non
1141 2013 1196 2089 est,
1300 2067 1301 2072 ,
1343 2057 1360 2082 ,-

88 2095 242 2246 fflvia
264 2117 304 2160 ea
326 2097 394 2160 hoc
414 2095 574 2184 appellari
596 2097 712 2183 potest.
742 2101 785 2162 D.
805 2099 898 2162 Haec
910 2094 947 2159 ni
962 2095 1068 2171 fallor,
1091 2111 1199 2182 apert-
1236 2167 1238 2170 ¹
1297 2115 1299 2118 ·
1349 2171 1351 2176 ι
1456 2108 1459 2117 ·

215 2177 335 2256 video;
359 2200 444 2264 quae
466 2182 577 2244 adhoc
596 2178 682 2244 mihi
704 2201 723 2244 a
744 2182 777 2246 se
798 2178 948 2244 invicem
971 2176 1198 2264 discrepantia

88 2265 302 2336 videbantur,
324 2283 418 2326 nnnc
436 2258 526 2326 inter
537 2263 572 2325 se
584 2260 733 2326 invicem
749 2260 942 2334 convenire,
966 2277 999 2327 et
1013 2262 1050 2326 in
1066 2263 1161 2326 nullo
1177 2283 1198 2324 a

88 2345 201 2433 [eipfie
215 2344 398 2420 distentire,
422 2347 501 2408 dum
518 2343 607 2409 circa
623 2348 735 2410 Deum
753 2347 1019 2419 confiderentur,
1036 2346 1117 2416 ¹lnce
1132 2345 1197 2408 cla-

89 2429 162 2496 rina
179 2443 377 2514 patescunt3
397 2427 454 2492 sed
469 2430 639 2514 quomodo
652 2431 694 2493 ad
733 2427 891 2494 raesentia
902 2424 1100 2513 quaestionis
1112 2427 1197 2496 [oiu-

89 2512 222 2580 tionem
243 2508 430 2585 attineant,
464 2513 617 2576 nondum
638 2533 684 2576 no
712 2533 730 2576 e
750 2533 806 2578 me
825 2511 943 2576 fateor.

149 2597 198 2658 M.
221 2593 367 2658 Attende
388 2591 493 2680 igitur
513 2591 730 2678 vigilantius,
754 2611 788 2660 at
812 2615 854 2658 ue
874 2591 1006 2690 ipsaafi
1054 2589 1197 2654 ificatio·

85 2699 149 2744 nea
170 2699 255 2764 quae
276 2673 369 2774 priua
393 2679 541 2756 adjectae
562 2677 656 2750 sunt,
679 2676 796 2764 supere
824 2677 982 2741 entralem
1029 2675 1090 2749 'co,
1106 2673 1198 2758 plut·

87 2783 190 2848 qnam
211 2763 409 2834 Veritatem,
434 2760 510 2844 plus
535 2780 612 2822 uam
630 2759 855 2844 sapientiam,
879 2773 1091 2842 caeteraeque
1113 2751 1198 2818 fimi-

85 2849 155 2920 lea,
178 2847 221 2909 ad
237 2864 338 2930 quam
349 2857 478 2927 partem
492 2781 701 2927 Tiaeologiae
717 2841 919 2927 pertineant,
937 2837 1197 2903 utrumaffirma·

84 2929 178 2992 rivae
200 2949 244 2992 an
259 2923 435 3012 negativae
453 2921 671 3011 applicandae
688 2926 776 2998 sunt,
799 2935 963 3009 quantum
975 2917 1197 3005 tibipoffibile

81 3010 289 3078 estediisere.
311 3011 354 3073 D.
370 3011 444 3072 Hoc
455 3006 589 3094 permei
615 3006 686 3070 snm
695 3006 961 3072 discernerenon
977 3001 1055 3068 satia
1070 3004 1192 3067 audeo.

83 3097 175 3160 Nam
202 3115 280 3158 enm
301 3089 487 3178 praedictae
508 3091 531 3154 fi
556 3031 767 3154 niicationea
788 3088 944 3175 negativa
965 3103 1075 3152 carere
1095 3083 1198 3173 parti-

83 3179 163 3242 cula
185 3176 373 3261 confidero,
396 3195 481 3260 quae
503 3195 521 3237 e
565 3195 647 3252 non3
683 3170 864 3259 negativae.
880 3169 967 3258 parti
988 3167 1198 3256 Theologiae

84 3283 143 3326 eat
165 3261 348 3343 adiungere
368 3257 580 3342 pertimesco.
625 3255 660 3319 Si
680 3277 761 3320 vero
784 3253 998 3320 affirmativae
1019 3253 1108 3340 parti
1129 3273 1198 3316 eat·

82 3347 165 3410 dem
198 3345 398 3419 adjunxero,
431 3339 641 3403 intellectum
674 3361 787 3404 earum
808 3336 894 3402 mihi
915 3357 986 3404 non
1008 3332 1198 3400 consentire

81 3445 269 3512 cognosco.
314 3419 384 3508 Qui
406 3421 498 3486 enim
519 3421 602 3486 dicit
623 3419 898 3509 supereffentialia
921 3420 982 3493 en,
1004 3435 1119 3504 aperte
1140 3437 1198 3481 ne·

81 3528 144 3608 gat
175 3503 380 3572 effentialem
409 3505 482 3570 effe.
496 3565 509 3578 „
529 3509 575 3569 Ac
593 3527 653 3589 per
674 3509 740 3569 hoc
762 3501 915 3592 quamvis
934 3501 971 3565 in
993 3499 1199 3586 pronuncia·

81 3611 184 3658 trone
204 3587 330 3654 iocum
350 3588 488 3676 negatio
508 3609 578 3652 non
602 3601 774 3675 appareat,
807 3587 940 3650 occulte
962 3599 1073 3648 tamen
1096 3581 1197 3668 ipfiut

80 3677 281 3742 intellectus
302 3675 390 3736 bene
411 3672 655 3736 consideranter
676 3692 747 3734 non
768 3671 860 3734 latet.
900 3666 1066 3741 Proinde,
1088 3680 1128 3755 nt
1149 3685 1197 3727 ar·

79 3759 211 3833 bitror,
242 3751 342 3821 fateri
371 3773 474 3842 cogor
501 3757 561 3819 hae
589 3751 776 3840 praedictae
802 3747 1078 3846 fignificationea‚
1096 3766 1197 3843 ,quae

80 3839 271 3928 negatione
307 3836 468 3902 videntur
502 3855 631 3916 carere,
672 3850 837 3923 quantum
868 3835 966 3898 datur
995 3831 1195 3918 antellrgere,

80 3927 164 4013 plna
195 3919 375 4008 negativae
396 3919 604 4008 Theologiae
649 3917 729 3994 arti,
785 3937 864 3980 uam
883 3913 1099 3984 affirmativae
1118 3933 1197 3978 con·

81 4007 216 4072 venire.
259 4006 309 4070 M.
332 4001 526 4070 Cautiffime
547 4018 582 4070 et
605 3941 854 4089 vagitandffime
872 3995 1074 4086 respondiffe
1094 4012 1129 4060 te
1147 3993 1195 4058 vi·

84 4093 172 4168 deo,
199 4090 417 4186 multumque
445 4087 619 4186 approbo,
649 4085 821 4174 quomodo
847 4080 885 4147 in
901 4077 1197 4230 pronunciatione

85 4172 309 4242 affirmativae
329 4185 451 4260 partia,
473 4170 684 4238 rntellectum
704 4165 882 4256 negativae
915 4161 1107 4232 ubtiliffinte
1124 4181 1204 4250 pers
1255 4189 1256 4192 ¹
