2948 4978
121 3615 134 3664 Ι

304 257 361 336 68
634 257 689 328 De
708 253 1085 328 ommonem.
1204 343 1208 356 Ι

307 467 421 514 rerum
449 442 611 532 postrema
639 428 905 509 confideratio'ne
930 439 1074 532 diffiniat
1094 441 1252 530 vellens*
1272 439 1322 508 Μ.
1339 441 1411 507 Tri·

307 553 388 597 nam
410 543 522 594 rerum
541 525 820 628 intelligentiam,
854 529 889 591 b.
911 545 940 590 e.
963 523 1136 600 essentiae,
1158 523 1313 600 virtutis,
1336 546 1412 612 ope·

164 655 171 678 t
307 612 468 689 rationis,
489 611 734 693 immutabilem
748 607 971 686 substantiam,
993 608 1194 694 firmumque
1216 607 1410 696 ¹fundamen·

307 714 382 764 tum
401 715 514 761 rerum
535 715 553 757 a
574 696 759 760 conditore*
778 693 932 760 omnium
952 691 1169 758 constitutum
1191 712 1366 777 ponamus,
1387 693 1412 756 fi

292 764 429 870 placet.
470 783 513 842 D.
543 779 746 844 Ponendum
776 779 928 842 arbitror.
971 777 1021 840 M.
1050 774 1185 840 Deinde
1204 773 1262 839 illa
1284 774 1411 840 trinitae

309 885 395 952 quae
425 860 463 925 in
492 861 630 946 singulis
660 859 858 927 confiderari
878 860 1005 946 potest,
1042 873 1076 922 et
1097 879 1116 921 a
1136 856 1244 944 prima
1266 857 1413 923 trinitate
1462 941 1463 944 Ἴ

308 943 470 1012 essentiali
498 947 705 1031 procedens,
737 943 846 1032 veluti
874 939 1106 1030 praecedentia
1128 941 1245 1040 causae
1265 941 1411 1038 effectae,

309 1027 1108 1178 upupapepgfgffgtaesepqffiquaoedagqpt
1143 1025 1347 1172 isidi:
1363 1045 1414 1171 235

306 1135 473 1262 iiniimf
491 1135 540 1258 lii.
552 1193 737 1293 Quicquid
759 1209 871 1258 autem
891 1155 958 1256 illii
977 1155 1084 1257 tribua
1106 1129 1332 1278 sequeritibii,
1348 1192 1414 1255 five

306 1279 451 1354 interius
477 1279 546 1343 sive
577 1293 739 1352 extenua,
774 1277 840 1341 sive
872 1275 1099 1350 naturalibus,
1129 1275 1198 1338 sive
1218 1273 1416 1360 quibusdam

309 1361 487 1430 eventibus
510 1360 691 1436 acciderit,
717 1360 829 1446 ueluti
850 1359 1006 1424 accidens
1028 1355 1256 1424 accidentium
1277 1357 1348 1422 fieri
1367 1357 1417 1421 vi·
1451 1403 1457 1414 .

308 1451 416 1511 detur.
462 1449 504 1514 D,
527 1443 618 1509 Huic
641 1443 741 1508 etiam
763 1443 971 1508 conclusioni
990 1463 1063 1507 non
1085 1441 1203 1509 resisto·
1235 1441 1322 1506 Nam
1337 1462 1415 1505 cum

306 1531 372 1594 sant
406 1529 590 1624 secundum
610 1527 816 1592 Aristotelem
840 1528 957 1591 decem
980 1546 1102 1624 genera
1124 1540 1237 1589 rerum
1257 1545 1341 1622 quae
1358 1545 1416 1624 cq-
1462 1541 1463 1564 ³

306 1610 477 1698 tegmine,
509 1612 546 1674 td
574 1611 638 1687 est,
667 1610 941 1698 praedicamenta
965 1613 1142 1684 dicuntur,
1178 1623 1214 1672 et
1232 1610 1314 1671 burc
1334 1610 1418 1673 dm·

231 1733 232 1738 ι
307 1693 391 1759 sioni
421 1715 533 1757 rerum
564 1693 602 1758 in
631 1717 754 1781 genera
783 1695 917 1759 nullum
939 1696 1143 1758 Graecorum
1164 1705 1199 1754 et
1220 1689 1419 1780 Latinorum

309 1779 433 1843 obstare
459 1777 683 1863 reperiamus,
720 1778 777 1840 sed
807 1777 867 1840 sub
897 1798 967 1841 uno
997 1797 1120 1863 genere
1150 1795 1268 1838 omnee
1293 1774 1417 1860 primae

309 1858 460 1951 essentiae
481 1881 562 1947 quaa
584 1854 704 1924 Graeci
728 1851 847 1932 οὐσίας
869 1861 1040 1947 appellant
1047 1880 1058 1934 ς
1081 1857 1234 1954 (merito,
1258 1856 1336 1954 quia
1355 1879 1419 1956 per
1462 1933 1463 1936 Ἴ

303 1945 342 2008 se
363 1945 461 2020 [ιἰιιι,Ι
489 1958 524 2006 et
543 1943 671 2008 nullius
692 1943 851 2031 indigent
872 1960 912 2006 ut
931 1944 1011 2018 fint3
1047 1942 1091 2006 fic
1113 1963 1205 2006 emm
1227 1962 1246 2003 a
1266 1944 1420 2006 condito·

257 2083 262 2092 .
307 2048 344 2091 re
376 2027 531 2092 omnium
560 2025 668 2090 veluti
690 2031 854 2114 quaedam
875 2023 1100 2091 immutabilia
1121 2025 1341 2089 fundamenta
1360 2025 1420 2088 sia·

306 2108 421 2174 biliter
443 2111 616 2174 conclusae
637 2111 699 2174 esse
718 2110 892 2185 videmue3
934 2125 969 2174 et
991 2111 1033 2173 td
1050 2105 1307 2171 similitudmem
1326 2107 1421 2194 prin·
1462 2185 1463 2190 γ

307 2193 425 2279 cipalis
448 2193 601 2258 omnium
625 2193 741 2258 causae
761 2192 907 2257 mirabili
928 2189 1267 2275 incommutabilique
1288 2191 1344 2255 sua
1361 2191 1420 2255 tri-
1462 2201 1463 2208 ’

306 2276 416 2340 nitate
437 2265 630 2352 subsistunt,
661 2281 728 2341 hoc
744 2279 813 2352 est,
835 2291 876 2339 ut
896 2276 993 2362 saepe
1013 2280 1079 2355 jam
1103 2273 1248 2349 dictum,
1272 2275 1421 2352 essentia,

307 2357 453 2436 virtute,
479 2358 688 2445 operatione)
718 2375 847 2424 caetera
868 2380 951 2424 vero
972 2379 1099 2424 novem
1123 2377 1245 2444 genera
1266 2357 1425 2422 acciden-

307 2441 356 2506 tia
378 2443 440 2507 esse
462 2441 639 2516 dicuntur.
661 2463 727 2508 nec
746 2445 815 2509 fine
835 2441 986 2518 rationc3
1002 2462 1088 2505 non
1113 2439 1205 2504 enim
1224 2462 1287 2527 per
1307 2443 1340 2505 se
1362 2443 1423 2507 sed
1462 2487 1463 2526 4

307 2525 346 2588 in
376 2525 547 2612 praedicta
578 2525 738 2590 essentiali
765 2525 917 2590 trinitate
950 2520 1140 2606 subsistunt3
1174 2545 1255 2588 nam
1285 2527 1421 2610 quoda

307 2607 451 2674 Graecia
470 2607 566 2674 locut
595 2625 631 2672 et
661 2624 729 2672 tem
755 2631 797 2672 ue
826 2610 1038 2696 appellantur
1066 2607 1113 2672 aiv
1137 2601 1235 2683 daeo,
1267 2609 1335 2672 boc
1364 2599 1421 2684 est}

307 2692 376 2755 fine
406 2690 528 2779 quibua
550 2708 679 2756 caetera
701 2629 764 2756 elie
784 2713 856 2756 non
904 2693 1036 2768 ossunt,
1065 2713 1137 2756 non
1158 2689 1207 2754 ita
1225 2689 1336 2755 intelli
1363 2714 1421 2755 en·

308 2777 414 2850 durn,
447 2789 488 2838 ut
518 2774 608 2838 inter
629 2797 668 2839 ea
711 2795 774 2838 uae
795 2715 961 2840 fineioco
983 2790 1018 2840 et
1037 2789 1189 2872 tempore
1210 2795 1281 2838 non
1303 2714 1426 2839 varient
1462 2831 1463 2838 ,

306 2857 491 2936 subsistere,
526 2798 747 2924 substantiiiie
771 2857 828 2930 illa
850 2857 982 2922 trinitas
1002 2860 1174 2944 praedicta
1192 2877 1306 2922 rerum
1328 2879 1425 2924 com·
1462 2893 1463 2896 ¹

331 2955 457 3007 utetur.
497 2943 550 3005 Ea
573 2963 720 3028 namque
748 2942 818 3006 loci
849 2940 1076 3030 temporisque
1105 2938 1230 3004 auxilio
1259 2955 1301 3004 ut
1320 2942 1424 3006 subfi-

353 3039 368 3086 t
388 3045 459 3090 non
473 3037 578 3110 eget,
601 3028 682 3088 dum
704 3047 765 3111 per
786 3024 924 3111 seipsam
949 3040 1028 3089 ante
1041 3025 1212 3111 supraque
1234 3038 1369 3110 tempus
1388 3039 1426 3088 et
1462 3043 1463 3052 ¹

174 3150 177 3172 .
307 3107 423 3171 iocum
445 3103 654 3172 conditionis
676 3108 753 3172 suae
775 3107 939 3194 dignitate
963 3107 1084 3172 existat.
1127 3107 1196 3170 Sed
1215 3127 1343 3171 novem
1366 3129 1424 3195 ge-

306 3210 389 3254 nera
411 3211 496 3288 quae
518 3189 595 3254 solia
616 3190 848 3256 accidentibus
871 3190 1122 3266 attribuuntur,
1143 3189 1192 3252 ita
1213 3193 1254 3254 ab
1276 3191 1427 3256 auctori·

306 3273 370 3335 bue
394 3272 500 3370 dpvisa
519 3274 623 3372 sunt&
639 3289 679 3336 ut
697 3273 769 3360 ipsa
790 3272 977 3338 accidentia
999 3295 1085 3372 quae
1092 3272 1370 3418 [primordialiter
1384 3273 1426 3338 in

308 3355 453 3419 essentne
473 3355 744 3441 conspiciuntur,
766 3377 845 3421 mox
856 3372 1030 3422 vertantur
1042 3379 1079 3420 ιιι
1107 3355 1297 3431 ubstantiae,
1312 3379 1428 3444 quum

295 3436 380 3502 'aliie
410 3437 641 3505 accidentibus
676 3440 859 3503 subsistunt.
899 3441 1012 3504 Prima
1032 3437 1195 3526 squidem
1214 3461 1328 3503 rerum
1350 3461 1428 3504 om·
1462 3485 1463 3492 ι

240 3519 252 3544 “
303 3520 402 3585 nium
425 3520 541 3588 divisio
563 3523 622 3598 est,
657 3521 695 3586 in
717 3523 868 3588 essentiae
889 3539 925 3588 et
944 3522 1144 3587 accidentia.
1189 3521 1348 3588 Secunda
1371 3545 1429 3587 ac·

307 3603 508 3671 cidentium
522 3604 560 3670 iu
582 3605 793 3683 substantiae,
830 3607 1006 3693 quaesere
1027 3606 1064 3669 in
1085 3603 1261 3671 infinitum
1281 3621 1431 3692 proten·

305 3687 413 3763 ditur,
445 3693 527 3754 dum
555 3691 648 3775 quod
677 3709 774 3754 nunc
806 3690 962 3754 accidens
984 3688 1028 3752 est
1047 3687 1169 3775 prioria
1190 3689 1240 3764 se,
1271 3711 1357 3754 mox
1379 3689 1431 3754 se-

304 3771 440 3918 quentia
461 3775 494 3837 se
513 3771 693 3837 substantia
713 3771 866 3837 efficitur.
909 3773 975 3837 Sed
996 3773 1039 3836 de
1063 3771 1116 3836 hia
1130 3771 1220 3838 alibi
1240 3771 1431 3859 disputan-

275 3871 281 3882 ·
328 3871 404 3940 um3
434 3877 529 3920 nunc
556 3875 637 3920 vero
659 3855 683 3919 st
705 3855 770 3919 tibi
790 3855 942 3930 videtur,¹
975 3855 1068 3941 quod
1087 3855 1188 3922 nobie
1205 3857 1432 3944 propositum

304 3935 349 4026 est
369 3940 554 4026 sequamur.
599 3941 650 4005 Μ.
688 3938 782 4025 Quid
801 3937 932 4025 igitmt
963 3939 1113 4004 Putasne
1135 3939 1326 4006 accidentia
1349 3961 1433 4007 non

300 4021 364 4086 nisi
392 4019 582 4106 cujuspiam
612 4021 767 4086 essentiae
802 4036 862 4085 aut
891 4019 1077 4088 accidentia
1104 4025 1178 4090 esse.
1221 4026 1265 4086 D.
1294 4024 1433 4090 tenum

302 4103 425 4169 artium
445 4102 574 4192 peritur
597 4103 693 4170 aliter
714 4102 846 4170 dixerit.
888 4107 968 4171 Non
989 4105 1082 4172 enim
1103 4109 1147 4172 ob
1169 4105 1271 4174 aliam
1280 4110 1433 4174 eausam

144 4213 149 4224 ·
172 4209 182 4234 ·
302 4186 459 4256 accident
485 4186 602 4256 vocari
620 4187 761 4266 meruit,
789 4185 853 4258 nist
873 4189 954 4280 quia
972 4205 1033 4261 tut
1052 4189 1230 4270 effentiae,
1259 4195 1323 4260 aut
1346 4193 1433 4260 sub·
