2856 4978
285 222 366 294 290
445 258 454 272 ν
625 224 680 292 De
699 223 881 292 sliririmte
901 221 1074 292 Numae.

191 397 198 493 ’Υ
288 409 326 473 in
347 403 462 473 oinnia
483 405 658 496 pervenit,
687 407 772 473 ficut
790 407 912 472 solarer
931 403 1036 473 radiir
1068 401 1120 470 illi
1139 403 1292 493 fiqutoem
1308 427 1367 474 nou

287 491 403 559 omnia
429 505 627 578 penetrant,
647 488 819 556 'interiora
848 491 974 572 etenim
1000 491 1185 560 multorum
1211 509 1368 576 corporum

287 597 360 642 nou
387 588 580 640 transeunt:
615 575 706 641 vitae
726 596 810 640 vero
831 577 924 640 nulla
946 589 1114 649 creatura,
1143 575 1199 638 seu
1218 573 1368 648 sensibilia,

287 663 345 726 seu
371 657 615 759 intelligibilia,
646 681 764 747 erpere
797 659 860 723 eise
887 659 1005 746 potest.
1055 659 1142 722 Nam
1176 671 1211 720 et
1237 677 1368 744 corpora,

287 763 373 832 quae
393 742 511 807 nostrae
532 742 678 808 seufib'nr
691 741 857 807 ,videntur
873 740 982 809 veluti
995 756 1144 816 mortua,
1165 760 1235 804 non
1248 739 1370 806 omuino

284 826 356 892 vita
375 824 625 914 relinquuntur.
667 829 714 892 Ut
734 827 826 892 enirn
846 825 983 892 illorum
999 823 1195 913 compositio
1210 844 1228 887 a
1246 897 1248 902 .
1264 847 1304 890 ue
1317 825 1371 888 sor·

283 909 390 976 matio
419 909 705 976 administratione
732 910 889 1010 propriae
914 909 1025 985 vitae,
1059 909 1107 972 ita
1136 907 1236 972 etiam
1268 907 1370 982 olatio,

284 1009 319 1058 et
345 993 541 1068 infirmitas,
575 1009 610 1057 et
636 993 764 1059 reditur
791 1017 830 1058 an
860 1016 899 1060 ea
930 990 1114 1080 exquibus
1136 994 1276 1057 deducta
1298 991 1371 1064 suut,

284 1079 435 1158 ejusdem
457 1078 535 1143 obse
559 1076 618 1142 uio
639 1076 821 1164 peragitur.
855 1077 991 1144 Semina
1005 1076 1167 1162 liquidem
1183 1090 1286 1140 terrae
1299 1095 1372 1139 eon·

282 1164 458 1237 mendata,
492 1165 556 1224 nit
576 1166 670 1244 prius
691 1167 886 1236 moriantur,
919 1185 983 1226 non
1003 1163 1221 1225 reviviscunt.-
1248 1173 1282 1222 et
1298 1177 1371 1223 mon

281 1245 419 1310 illorum
456 1243 580 1310 solutio
608 1246 768 1311 materiae
796 1261 831 1310 et
858 1245 983 1334 speciei
1011 1245 1072 1318 est3
1112 1246 1293 1330 eademque
1315 1241 1372 1305 rita

281 1351 368 1415 quae
396 1327 549 1394 vivificat
578 1328 650 1394 vim
679 1329 863 1407 seminum,
894 1347 928 1394 et
953 1349 1014 1415 per
1039 1327 1112 1392 vim
1140 1325 1265 1392 semina
1283 1325 1372 1411 print·
1412 1359 1413 1366 κ

281 1433 382 1498 quam
403 1413 594 1490 solvantur,
616 1413 654 1477 in
677 1413 845 1479 solutione
866 1434 937 1478 non
960 1409 1099 1488 deserit;
1122 1411 1180 1496 sed
1201 1409 1242 1474 iia
1262 1409 1372 1494 semper
1412 1439 1413 1442 ¹

281 1497 457 1572 adhaeret,
490 1495 560 1560 imo
585 1496 686 1561 etiam
708 1519 747 1561 ea
769 1497 886 1561 solvit:
917 1515 1081 1582 moxque,
1113 1496 1209 1558 nulla
1228 1513 1316 1558 mora
1333 1490 1372 1554 in·
1412 1507 1413 1510 ’

280 1579 451 1655 tetstante,
480 1579 673 1656 vivificare,
700 1583 768 1646 hoc
790 1579 849 1656 est,
871 1580 909 1644 in
932 1583 1073 1644 eandem
1094 1577 1241 1664 speciem
1259 1593 1373 1640 reuoca·

279 1683 334 1738 re,
357 1661 492 1749 incipit.
535 1663 602 1729 Ubi
624 1662 716 1728 enim
739 1665 817 1726 esset
838 1664 898 1727 illa
916 1661 1006 1738 vita,
1042 1660 1221 1727 solutionis
1244 1655 1373 1748 corporit

278 1760 448 1832 tempore,
471 1745 534 1810 nisa
553 1747 591 1812 in
612 1747 686 1836 ipso
708 1747 843 1812 soluto?
867 1763 907 1810 ut
928 1747 1020 1810 enim
1041 1744 1099 1810 illa
1120 1767 1201 1820 cum
1215 1753 1372 1829 compacto
1412 1755 1413 1758 ’

278 1849 349 1894 non
379 1829 630 1916 compingitur,
659 1832 708 1895 ita
740 1851 819 1896 cum
848 1830 958 1896 soluto
987 1849 1059 1894 non
1089 1828 1252 1903 solvitur,
1280 1843 1374 1910 neque

278 1932 357 1976 cum
377 1930 577 1998 renascente
595 1913 803 1991 renascitur3
826 1936 892 1978 nec
910 1917 988 2011 plue
1009 1927 1148 1999 vegetat
1167 1927 1277 1976 totum
1295 1905 1373 1973 fimus
1412 1939 1413 1988 l

277 1999 518 2074 conjunctum,
548 2019 649 2084 quarn
680 1996 717 2061 in
744 2012 856 2084 partea
884 2000 1112 2080 disjunctum
1143 1994 1374 2082 nequemaior,
1412 1993 1413 2068 l

276 2076 314 2142 id
336 2076 381 2141 est
401 2076 592 2164 potentior,
614 2078 650 2144 in
672 2095 747 2146 toto
770 2103 870 2169 quam
891 2079 928 2143 in
941 2095 1054 2166 parte:
1078 2082 1232 2160 ejusdem
1246 2093 1374 2161 namque
1412 2097 1413 2154 f

183 2242 187 2257 ,
277 2159 452 2248 regiminio
484 2161 528 2226 est
548 2162 585 2226 in
610 2163 754 2229 eunctis.
799 2166 871 2252 lpsa
893 2163 995 2228 etiam
1016 2162 1159 2238 solutio,
1180 2181 1280 2309 ⁸puae
1299 2175 1375 2224 mon
1412 2165 1413 2170 ’

278 2244 429 2331 cor-poris
457 2244 600 2321 dicitur,
634 2247 752 2314 nostrie
782 2249 926 2312 sensibus
955 2263 988 2312 et
1008 2246 1171 2312 materiae
1208 2243 1311 2311 olatio
1330 2239 1374 2312 cst,
1412 2247 1413 2326 i

275 2349 347 2390 non
369 2327 431 2415 ipsi
452 2345 612 2406 naturae,
633 2352 726 2417 quae
740 2330 969 2418 inseparabilia
992 2331 1036 2394 est
1057 2330 1094 2394 in
1111 2330 1229 2417 seipsa,
1253 2322 1374 2392 erfimul

277 2425 312 2474 et
331 2411 462 2498 semper
483 2413 546 2488 est,
576 2435 640 2478 nec
662 2414 776 2503 spatiis
797 2416 951 2480 locorum
975 2430 1009 2477 et
1030 2419 1226 2499 temporum
1246 2413 1374 2497 segrega·

276 2509 341 2558 tur.
371 2497 483 2560 Homo
510 2496 672 2584 liquidem
693 2518 764 2562 non
788 2497 908 2562 tlesrnit
928 2498 991 2562 esse
1010 2501 1135 2579 horn03
1158 2501 1262 2563 homo
1278 2508 1373 2558 autem

259 2597 399 2664 corpus
422 2593 457 2642 et
477 2579 589 2645 anima
611 2581 665 2644 esi.
708 2581 755 2664 Si!
766 2599 877 2645 autem
898 2582 1027 2667 semper
1043 2584 1165 2654 homo,
1189 2581 1314 2666 semper
1326 2595 1376 2672 rga

276 2673 333 2724 tur
354 2661 466 2726 anima
488 2679 523 2727 et
543 2685 684 2750 eorpuat
707 2681 741 2728 et
762 2665 916 2751 quamvis
939 2679 1050 2750 partes
1071 2663 1226 2728 hominio
1248 2686 1266 2728 a
1286 2663 1316 2726 se
1333 2679 1374 2721 tn·

276 2743 387 2810 vicem
416 2745 654 2832 segregentur,
696 2747 807 2812 anima
837 2747 929 2812 enim
958 2746 1079 2812 deserit
1109 2750 1288 2822 usitatum,
1316 2737 1375 2829 post

274 2827 530 2914 generationem
552 2830 603 2893 sui
624 2831 791 2917 corporis,
826 2831 995 2919 regimem
1031 2853 1098 2918 qua
1122 2833 1296 2898 deserente
1317 2845 1374 2890 cor·

272 2912 526 3059 persolvitur,
557 2929 736 3001 partesque
756 2913 848 2986 illius
870 2914 1015 3014 propriis
1039 2915 1288 2981 elementorum
1306 2905 1373 2973 sedi·

297 3015 337 3058 ua
357 2997 562 3060 redduntur=
583 2998 729 3061 naturali
751 3014 862 3062 tamen
883 3015 1017 3063 ratione
1037 3013 1072 3062 et
1116 3015 1205 3064 artea
1222 3002 1264 3063 ad
1280 3011 1372 3059 totum

210 3153 213 3160 Ι
273 3077 392 3141 referri
423 3099 494 3142 non
523 3081 678 3144 desinunt
699 3083 827 3168 semper
851 3098 883 3146 et
906 3023 1193 3169 inseparabiliter,
1225 3097 1258 3145 et
1280 3093 1372 3142 totum

273 3162 316 3224 ad
337 3176 468 3246 partes:
490 3164 664 3228 relationis
685 3164 846 3251 siquidem
868 3167 955 3231 ratio
976 3188 1152 3252 nunquam
1176 3164 1285 3254 potest
1303 3155 1374 3248 peri·

272 3263 320 3306 re.
362 3243 510 3309 Proinde
533 3251 631 3332 quod
653 3270 816 3334 corporeo
841 3250 949 3315 sensui
970 3249 1107 3314 videtur
1128 3252 1162 3312 se
1206 3245 1311 3336 egeri,
1337 3242 1372 3304 ²¹·

272 3323 354 3390 tiori
381 3347 495 3393 rerum
517 3329 763 3416 speculatione,
799 3334 926 3419 semper
946 3332 1041 3398 timul
1064 3349 1098 3398 et
1117 3273 1373 3420 inseparabiliter

205 3455 213 3472 .
271 3407 438 3476 tuhfistere
458 3416 589 3478 necesse
609 3416 662 3480 est.
705 3417 792 3479 Nam
815 3431 848 3480 et
870 3439 991 3516 corpur
1012 3420 1222 3494 humanum,
1252 3417 1315 3481 five
1332 3407 1372 3472 vi·

270 3513 370 3570 vum,
392 3495 459 3561 five
479 3514 671 3575 mortuum,
697 3519 819 3585 corpus
839 3500 989 3566 hominia
1012 3501 1071 3564 est:
1102 3500 1258 3566 similiter
1278 3495 1374 3563 anima

270 3577 435 3656 humana,
458 3581 525 3646 five
546 3603 670 3668 corpua
690 3582 906 3666 suumlimu]
927 3586 1108 3668 collectum
1128 3601 1248 3672 regat,
1270 3576 1372 3647 fivein

269 3677 381 3746 parter
413 3662 623 3740 dissolutum,
657 3680 697 3729 ut
724 3665 880 3744 uidetur,
917 3669 1064 3732 sensibus
1096 3689 1219 3756 regere
1251 3665 1372 3732 definiti·

270 3743 382 3840 anima
407 3761 521 3812 tamen
542 3747 693 3813 hominia
715 3751 777 3819 effe
798 3773 869 3815 non
891 3753 999 3817 cellar.
1040 3755 1090 3819 rie
1110 3773 1175 3839 per
1195 3756 1265 3817 hoc
1285 3753 1371 3814 datar

269 3828 433 3925 intelligi,
464 3831 575 3896 altiori
598 3837 710 3898 lerum
731 3833 964 3911 intimatione,
1001 3857 1072 3901 non
1092 3837 1212 3902 minuo
1236 3854 1307 3899 eam
1327 3827 1372 3890 td·

268 3911 453 3979 mrnistrarc
474 3935 596 4002 corpur
618 3939 680 4004 per
697 3919 862 3994 elementa
877 3919 1072 4006 dispersum,
1095 3941 1201 4008 quam
1213 3927 1373 3983 unacum·
1412 3979 1413 3992 2

268 3994 392 4081 pagine
413 4002 641 4065 membrorum
662 4006 904 4089 conjunctum3
927 4007 1019 4104 quod
1040 4025 1119 4068 vera
1140 4003 1232 4070 ratio
1250 3991 1371 4088 indubij
1412 3998 1413 4016 ¹

162 4159 167 4166 .
268 4091 379 4143 tenter
407 4084 537 4146 edocet.
581 4083 617 4148 Si
650 4085 742 4149 enim
764 4084 875 4152 anima
898 4087 913 4149 s
935 4088 1035 4153 rritua
1056 4088 1117 4166 eli,
1237 4087 1270 4150 se
1290 4093 1371 4149 omnl

195 4249 199 4264 .
268 4180 428 4248 corporea
454 4163 672 4232 eraffitudine
702 4187 841 4256 careum
868 4111 939 4258 ipsit
968 4191 1104 4260 quoque
1125 4185 1313 4242 commta·
1340 4159 1369 4222 5¹¹
