2948 4978
488 247 771 325 wem.
1030 219 1179 326 'rr

68 437 175 508 ruenti
214 439 260 504 ad
292 451 429 506 tinuit.u
469 433 633 506 Similiter
659 435 699 501 iu
726 434 953 526 superioribur
985 451 1177 526 temporum

67 521 472 602 commutationibus,
495 520 615 610 fiquit
637 519 843 596 ascenderit,
865 520 1020 608 reperiet.
1063 526 1103 588 in
1122 522 1177 594 hit

69 609 159 674 enim
182 606 344 673 omnium
363 605 498 672 habitur
519 605 626 672 totino
645 606 690 670 td
709 621 839 692 parter,

68 694 110 757 ad
132 707 246 756 totum
264 689 481 778 perspicitur,
501 692 564 753 ·D.
586 689 744 754 Profecto
764 709 835 754 non
857 627 963 754 aiiter.
1005 690 1053 754 Μ.
1085 691 1180 776 Quid

66 777 103 840 iu
135 771 274 840 divefit
305 773 428 862 agendi
447 775 501 839 vel
521 770 676 860 patiendi
695 770 873 838 motiburi
905 793 1023 836 nonne
1043 773 1179 842 bibitur

66 857 197 944 ubique
223 858 380 923 relucet?
410 879 489 923 narn
520 877 630 922 amare
658 855 824 922 etvamari
855 854 1071 922 habitudines
1100 858 1178 923 lunt

66 939 212 1006 amantia
242 956 276 1005 et
308 941 430 1019 trunti,
458 941 621 1028 fiquidem
652 937 743 1004 iuter
763 942 796 1004 ie
816 937 1019 1039 respiciunt,
1052 940 1120 1005 lire
1139 939 1177 1006 iu

64 1046 135 1090 nna
155 1024 300 1110 periuria
320 1027 402 1102 lint,
421 1028 514 1112 quod
535 1046 555 1090 a
576 1021 711 1088 Graecia
733 1023 858 1089 dicitur
877 1017 1109 1103 autori-toa,
1140 1023 1180 1089 id

65 1109 132 1185 eli,
163 1129 246 1172 curu
267 1109 356 1174 totio
377 1125 411 1173 et
431 1107 533 1196 puffic
553 1107 590 1171 in
612 1129 686 1172 uua
702 1109 885 1194 eademque
907 1104 1086 1192 inspicitur
1104 1128 1180 1194 per·
1204 1120 1210 1140 ¹

66 1193 168 1268 [orm
189 1205 232 1254 nt
250 1191 417 1280 meipsum
439 1211 533 1256 amo:
555 1191 623 1254 five
642 1189 733 1256 inter
754 1192 836 1256 duaa
881 1190 1030 1266 erionat,
1054 1192 1179 1278 quoda
1273 1224 1300 1258 ι

65 1273 208 1340 Graecia
229 1273 355 1340 dicitnr
375 1272 591 1368 ἑτροπὰθεια,
613 1272 651 1340 id
672 1275 726 1349 eli,
750 1295 828 1340 cum
842 1213 905 1337 tiit
913 1272 1056 1420 persona
1069 1295 1180 1338 auran·
1295 1345 1297 1349 ,

64 1358 126 1432 tir,
160 1357 281 1422 etalia
304 1361 494 1436 amittit,
525 1375 566 1422 ut
587 1378 663 1422 nmo
685 1375 729 1424 te.
772 1362 815 1422 D.
848 1359 894 1422 Et
938 1377 997 1422 aec
1018 1378 1095 1422 vera
1116 1358 1180 1422 elie
1236 1403 1243 1416 .

65 1441 239 1506 discerno.
281 1445 331 1506 M.
365 1435 500 1530 Quaero
530 1441 636 1530 igitur
662 1463 681 1506 ιι
712 1459 768 1519 te,
799 1461 901 1529 quare
921 1439 979 1504 itta
1001 1440 1085 1507 Cate
1130 1439 1181 1505 ria

64 1521 302 1602 habitudinis,
324 1547 402 1592 cnm
424 1525 563 1591 caeter-it
584 1522 774 1612 Cetegoriia
795 1522 993 1590 naturaliter
1012 1522 1071 1588 ine
1097 1521 1180 1588 evi·

66 1612 206 1682 deutur,
245 1625 280 1672 ct
311 1631 373 1697 per
399 1611 432 1674 ie
453 1607 640 1698 specialiter
658 1605 768 1674 veluti
788 1607 856 1673 luit
875 1605 1022 1696 propriis
1041 1604 1181 1674 rationi·

65 1695 128 1756 bur
162 1689 322 1770 inmun,
359 1695 456 1758 fuum
484 1693 521 1758 in
552 1691 689 1756 denaria
717 1687 972 1779 categoriarum
992 1688 1182 1790 guantitrite

64 1777 180 1840 locum
213 1774 378 1841 obtineat.
431 1780 481 1842 An
512 1777 600 1842 forte
631 1774 711 1861 quia
738 1774 775 1839 in
806 1773 964 1840 omnibus
992 1773 1179 1850 iuvenitur,

64 1874 241 1945 practerea
269 1856 306 1921 in
337 1859 440 1959 leipia
467 1857 632 1924 lubfistiti
664 1859 793 1924 Eadem
822 1856 914 1922 enirn
940 1855 1028 1921 ratio
1057 1858 1121 1922 effe
1141 1855 1180 1922 iu

67 1937 252 2028 Gategoria
275 1943 431 2028 elientrae
450 1941 662 2030 inspiciendo
682 1941 737 2008 eli.
768 1941 863 2028 Quid
884 1937 1001 2005 enimi
1023 1938 1183 2088 nrmpuid

67 2047 149 2090 curn
172 2025 294 2089 decem
316 2025 515 2115 Cetegoriae
535 2025 618 2103 lint,
648 2047 718 2090 uua
739 2045 853 2090 eorum
873 2021 1010 2089 ellentia
1029 2024 1088 2088 itu
1120 2023 1183 2088 nb·

64 2105 185 2172 llantia
208 2106 353 2187 dicitnr,
382 2130 508 2175 norem
529 2129 610 2175 vero
630 2107 819 2176 accidentia
841 2108 940 2184 lunt,
971 2105 1062 2172 etin
1083 2107 1182 2172 subsr-

65 2190 187 2256 lleutia
209 2190 409 2271 iublistunt‘i
430 2215 492 2280 per
512 2193 545 2257 ie
566 2191 659 2258 enim
681 2192 845 2258 subsistere
860 2192 1097 2338 nonepollunt.
1124 2190 1181 2254 Ei·

66 2273 176 2339 ientia
201 2272 244 2338 in
279 2275 437 2342 omnibut
465 2276 528 2342 elle
560 2276 713 2352 videtur,
745 2276 814 2342 fine
843 2296 910 2361 qna
975 2295 1086 2339 enon
1107 2273 1181 2361 poi·

63 2359 163 2434 lunt,
195 2371 365 2425 ettamen
413 2381 449 2424 er
470 2361 503 2423 ie
522 2357 637 2425 locuni
658 2361 754 2424 luunt
778 2357 922 2424 obtinet
965 2358 1068 2443 Quod
1089 2357 1182 2423 euim

66 2439 227 2506 omnium
248 2444 310 2518 eli,
338 2467 362 2508 n
413 2443 466 2508 iui
486 2442 623 2529 proprie
644 2443 704 2522 eli,
728 2444 784 2508 sed
804 2440 959 2507 omnium
981 2460 1180 2516 commune3

68 2541 101 2589 et
122 2527 208 2590 dum
230 2521 271 2591 in
290 2527 449 2591 omnibus
470 2526 630 2603 subsiliat,
652 2549 713 2613 per
736 2525 879 2612 teipsum
923 2523 1035 2622 roprip
1057 2525 1114 2588 lua
1130 2545 1180 2588 rt·

67 2608 166 2672 tione
186 2607 253 2674 effe
272 2630 345 2675 non
368 2606 498 2675 desinit.
540 2616 592 2675 De
612 2610 801 2708 quantitate
824 2547 975 2673 simiiter
986 2609 1181 2700 dicendum.

67 2690 227 2756 Dicimur
259 2691 351 2756 enim
380 2707 506 2781 quanta
527 2694 683 2768 elieutta,
737 2707 840 2756 nanta
861 2689 1021 2778 qualitur,
1045 2690 1182 2778 'quanta

66 2773 207 2850 relatio,
243 2791 388 2862 quantur
416 2777 516 2852 fitur,
547 2791 693 2863 quantur
750 2773 877 2851 abitur,
909 2793 1011 2861 quam
1036 2793 1181 2860 magunt
1313 2835 1315 2842 ,

65 2861 185 2931 loona,
208 2879 312 2943 quam
330 2871 474 3006 parrum
494 2861 549 2923 vel
570 2857 750 2946 spatiosum
767 2873 918 2942 temput,
940 2869 1065 2943 quanta
1079 2853 1180 2934 actio,

68 2957 197 3028 quanta
217 2941 321 3028 paffio
380 2942 524 3007 Videsne
545 2963 645 3028 quam
667 2943 734 3004 late
782 2955 851 3004 atet
870 2961 931 3027 per
951 2953 1097 3002 caeterae
1120 2938 1184 3004 Ca·

68 3022 218 3111 tegoriaa
238 3025 426 3112 quantitas,
457 3041 492 3090 et
519 3038 725 3090 nontamen
760 3045 843 3088 unm
863 3019 1039 3122 proprium
1061 3019 1184 3086 deserit

895 605 1017 670 ortium
1041 627 1178 694 quoquc
1317 634 1322 644 ’
1358 691 1362 702 .

67 3109 200 3172 statum.
248 3109 342 3195 Quid
370 3113 412 3174 de
439 3107 635 3196 Qualitatei
666 3127 784 3172 nonne
813 3122 848 3171 et
866 3106 938 3192 ipsa
960 3108 1001 3171 cle
1023 3105 1183 3170 omnibu·
1251 3165 1254 3170 ,
1311 3162 1312 3165 ,

70 3189 263 3297 Gateporiio
284 3193 478 3290 frequenter
493 3189 683 3290 praedicari
703 3189 810 3255 soleti
834 3188 978 3255 dicimur
993 3189 1084 3254 euim
1102 3209 1182 3276 qua·

68 3274 113 3339 lia
134 3275 237 3344 conia
258 3278 365 3361 qualit
387 3277 606 3362 magnitudo,
640 3273 747 3361 qualit
767 3272 903 3348 relatio,
934 3271 1048 3350 situs,
1080 3270 1182 3336 Hrbi·

71 3373 146 3438 tur,
178 3363 308 3433 Locus,
339 3362 510 3444 Tempus,
537 3360 661 3445 Agere,
691 3355 793 3421 Pati?
824 3359 917 3420 Haec
945 3353 1038 3421 enim
1067 3354 1191 3420 omnir
1257 3362 1260 3367 '

72 3439 185 3528 qualia
206 3442 305 3529 sunt,
333 3441 598 3528 interrogamua3
631 3449 838 3505 nontamen
861 3439 1085 3525 Qualitaaiui
1130 3457 1183 3502 ro-

70 3524 139 3610 prii
159 3523 295 3612 generir
315 3524 482 3600 rationem
504 3522 646 3589 deserit?
678 3523 771 3622 Quid
794 3545 829 3586 er
853 3544 873 3586 o
895 3521 1020 3586 mirum
1040 3522 1065 3585 li
1086 3462 1183 3588 cite-

95 3606 166 3672 oria
186 3606 424 3685 Habitudiuir,
448 3607 530 3672 duni
551 3607 588 3670 in
613 3609 772 3671 omnibns
791 3545 987 3693 inipicitur,
1011 3602 1183 3702 propriam

70 3631 358 3840 {tessine
372 3689 712 3840 trierim}
729 3690 837 3859 ll?
858 3689 1185 3869 terimi
1246 3710 1250 3723 ’

73 3855 168 3921 videt
199 3855 352 3923 divinam
386 3855 556 3924 clientium
582 3856 711 3922 nulliua
742 3851 952 3920 habitudinis
982 3846 1184 3941 participent

76 3939 156 4016 elie,
178 3945 220 4008 de
243 3962 282 4006 ea
304 3958 417 4007 tamen
438 3963 509 4008 non
531 3940 739 4027 incongrue,
763 3948 868 4026 quum
888 3936 990 4024 ipfiua
1011 3937 1055 4002 eli
1076 3937 1183 4013 causa,

74 4023 258 4107 praedicari
285 4025 405 4113 polle?
439 4024 475 4089 Si
499 4022 590 4090 enim
613 4020 748 4110 proprie
771 4025 813 4086 de
834 4019 904 4120 ipra
924 4020 1068 4086 Habitus
1091 4041 1184 4108 prae·
1247 4057 1270 4096 ,-

79 4099 264 4183 ditaretur,
292 4129 505 4198 nequaquam
539 4106 661 4172 suimet
687 4107 744 4172 ied
771 4107 907 4169 altenur
936 4105 1029 4180 effen
1062 4099 1185 4170 omnic

79 4191 210 4278 proprie
230 4191 368 4262 habitur
388 4193 426 4260 in
450 4191 735 4280 aliquolubjecto
753 4186 970 4277 intelligitur,
994 4204 1029 4254 et
1040 4187 1183 4268 alicuine
