2930 4982
503 1 544 54 ἰ

1191 67 1238 100 ,ι

480 215 795 316 ,mesonma
994 247 1021 276 2
1125 237 1199 316 aar
1270 231 1321 259 ··

86 426 142 500 (ut
163 415 261 564 saepe
283 415 441 496 diximus)
462 415 559 482 solari
577 416 727 504 claritate
740 417 1197 507 consumitutrsideatqno·
1306 453 1308 458 ¹

75 503 187 568 modo
225 523 323 566 umus
344 499 380 564 in
402 501 570 568 flammam
594 499 761 568 vertitur:
784 501 900 566 rideat
918 501 1126 570 sortiffimam
1147 528 1196 572 ra·

83 582 318 651 tiocinatiouis
347 581 520 651 virtutem.
562 585 598 654 Si
628 586 721 676 enim
776 584 931 652 ualitates
951 609 1065 652 rerum
1087 589 1197 657 vifibi·
1298 627 1301 638 ·

82 669 170 734 lium
197 667 436 754 incorporales,
452 669 552 744 sunt,
583 672 676 735 unde
697 607 813 734 nulius
834 684 925 734 recte
949 669 1196 756 disputantium

83 751 236 818 dubitate
269 766 306 817 et
333 752 358 815 fi
380 751 495 819 omnia
515 768 646 818 terrena
668 774 807 839 corpora
829 774 869 816 ex
890 751 1035 850 ipsarum
1058 756 1196 839 qualita-

82 850 157 900 tum
188 832 445 922 exaggeratione
466 838 731 922 conglobantur:
765 833 848 924 quid
869 859 992 902 mirum
1013 839 1069 900 vel
1089 836 1198 904 incre·

83 918 189 984 dibile
211 918 274 994 est,
310 921 403 1004 quod
424 941 464 982 ex
485 917 752 1007 incorporalibus
777 918 994 1006 qualitatibus
1010 922 1198 987 conficitur

80 1023 138 1070 res,
165 1000 394 1089 incorporales
442 1001 608 1069 offideres
641 1007 684 1070 D.
721 1005 826 1068 Plane
848 1003 1062 1090 intuentibus
1084 1029 1197 1071 rerum

82 1085 278 1151 substautias
301 1101 336 1152 et
357 1025 553 1173 qualitates,
567 1137 570 1146 .
585 1087 823 1157 transfusiones
845 1107 912 1173 quo
937 1107 981 1150 ue
1003 1103 1037 1151 et
1060 1109 1195 1175 compo·

47 1233 57 1249 Ι
80 1168 238 1245 sitiones,
268 1191 334 1236 nec
354 1189 426 1236 non
448 1187 482 1240 et
504 1171 726 1238 adunationes
749 1185 784 1235 et
804 1193 906 1257 progr
948 1193 1046 1236 iones
1069 1193 1109 1236 ex
1129 1173 1197 1260 pri·
1252 1175 1262 1182 “

58 1249 453 1338 ,ιιιοιὰἱιὶἑιιιιι-οιιιῇι,
487 1253 593 1342 inque
619 1259 751 1321 easdem
781 1255 927 1330 reditus,
957 1254 1097 1320 fortassis
1130 1277 1196 1322 uec

77 1335 205 1402 mirum
227 1357 293 1401 nec
315 1334 515 1404 incredibile
536 1337 716 1404 ridebitur.
747 1337 834 1402 Mihi
854 1354 966 1404 autem
982 1337 1110 1403 nullius
1125 1340 1196 1405 sen·

80 1419 224 1486 tentiam
245 1419 507 1508 praescribenti,
537 1421 593 1486 rel
613 1420 759 1510 litigiose
782 1421 970 1498 refellenti,
1006 1423 1064 1486 etsi
1086 1427 1128 1488 de
1150 1440 1195 1488 ta-

77 1503 169 1568 libus
191 1501 288 1568 aliter
308 1504 464 1579 senserit,
489 1505 566 1570 satis
591 1521 714 1572 actum.
758 1507 838 1570 Non
860 1504 951 1573 enim
971 1508 1048 1592 plus
1071 1527 1195 1592 quaero

79 1587 182 1652 certis
213 1585 404 1652 rationibus
429 1587 559 1654 suaderi
579 1587 835 1655 substantiarum
858 1589 1099 1656 adunationem
1122 1593 1196 1656 abs·

79 1693 147 1758 que
167 1669 247 1738 ullis
268 1671 522 1748 confusionum,
544 1674 600 1737 vel
615 1671 847 1747 mixturarum,
870 1673 1197 1759 compositionumve

77 1752 411 1842 perturbationibus,
433 1757 490 1820 seu
512 1753 870 1831 transmutationibus,
893 1757 1095 1844 qualitatum
1114 1779 1196 1844 quo-

104 1859 150 1902 ue
183 1859 223 1902 ex
244 1837 367 1925 quibus
388 1837 606 1904 haecomnia
629 1837 792 1904 sensibilia
816 1861 891 1904 corn
919 1855 992 1905 acta
1016 1841 1113 1916 sunt,
1145 1863 1195 1904 re·

107 1920 194 1986 ‘tum
216 1936 250 1986 et
269 1921 474 1988 solutionem
494 1922 531 1987 in
553 1921 565 1985 i
591 1925 640 1988 sas
660 1921 872 1996 substantias,
888 1865 964 1989 'ine
985 1922 1107 2010 quibua
1121 1925 1195 1988 sub-

79 2005 188 2070 sistere
215 2025 287 2070 non
309 2007 455 2091 possunt.
497 1947 598 2071 Nulla
619 2005 711 2076 eniin
735 2005 897 2092 qualitas,
929 2006 989 2070 seu
1034 2007 1194 2082 nantitas,
1301 2059 1303 2064 .

77 2088 141 2152 seu
180 2091 409 2174 quodcunque
440 2089 534 2154 aliud
565 2089 721 2156 accidens
748 2112 809 2176 per
838 2091 882 2153 se·
899 2091 990 2155 valet
1011 2030 1195 2156 lubfistere.
1228 2148 1232 2174 ,

78 2173 130 2237 Ae
157 2193 219 2258 per
239 2175 306 2238 boc
325 2194 397 2238 non
419 2189 570 2247 temere,
599 2177 638 2236 u't
659 2173 817 2247 arbitror,
854 2171 995 2238 dixerim
1017 2173 1127 2260 ipsum
1147 2195 1197 2238 re·

79 2255 192 2321 ditum
215 2258 345 2341 dequo
367 2278 461 2321 nunc
483 2272 679 2328 tractamus,
711 2277 782 2322 nou
804 2255 1079 2336 substantiarum,
1109 2279 1195 2343 quae
1407 2315 1410 2334 ,

77 2337 339 2404 immutabiliter
360 2355 394 2404 et
413 2337 640 2404 insolubiliter
661 2339 698 2402 in
720 2340 753 2403 se
772 2355 991 2425 permanent,
1014 2341 1072 2404 sed
1092 2339 1197 2426 quali·
1285 2373 1288 2387 ·
1386 2368 1387 2376 ¹

79 2437 192 2486 tatum
212 2439 248 2486 et
267 2421 518 2508 quantitatum,
549 2421 760 2508 aliorumque
781 2421 1011 2488 accidentium
1032 2446 1118 2508 quae
1137 2447 1198 2510 per

80 2505 116 2570 se
148 2521 182 2570 et
211 2505 388 2570 mutabilia
407 2506 493 2578 ,sunt
516 2520 550 2568 et
571 2504 779 2579 transitoria,
795 2504 895 2568 ‘locis
917 2506 1194 2592 temporibusque
1285 2583 1286 2591 ἵ

79 2590 248 2668 subjecta,
278 2588 555 2674 generationibus
583 2604 618 2650 et
637 2586 913 2672 corruptionibus
935 2588 1082 2654 obnoxia
1105 2590 1195 2652 iutu-

80 2695 159 2737 rum
183 2674 255 2736 esse.
298 2675 342 2736 Et
362 2672 387 2736 si
407 2671 455 2736 ita
477 2671 539 2746 esi,
568 2687 609 2734 ut
628 2693 705 2736 vera
726 2669 812 2734 ratio
834 2670 969 2752 suadem
996 2692 1068 2736 non
1090 2686 1198 2736 trans-

80 2759 210 2828 eunda,
238 2756 296 2820 sed
323 2752 480 2854 diligenti
508 2753 775 2825 consideratione
795 2754 1024 2842 investiganda
1047 2754 1195 2840 sequitur

80 2823 239 2926 qua'estio.
283 2841 331 2902 Μ.
363 2843 430 2904 Drc
461 2839 582 2924 quaeso
614 2859 698 2986 quae
727 2853 762 2902 et
788 2837 897 2925 qualia
922 2837 962 2902 stt
989 2837 1066 2913 illa,
1099 2853 1197 2902 acuta

80 2923 302 3009 inquisitione
325 2921 594 3008 inventioneque
640 2921 729 3008 igna.
975 2987 977 2990 ,

23 3007 29 3014 ’
129 3009 506 3086 14D.Utrumrerum
530 3005 743 3069 conditarum
764 3001 1195 3081 substantiae,etessentiae,
1223 3021 1225 3026 ’
1305 3031 1307 3036 ’

80 3103 119 3154 et
137 3089 304 3162 rationes,
329 3111 370 3152 ex
389 3087 662 3174 primordialibus
685 3087 787 3152 cantis
807 3110 869 3174 per
890 3086 1143 3174 generationem
1158 3085 1195 3150 in
1235 3157 1239 3162 ,
1300 3163 1303 3170 ¹
1326 3119 1330 3126 ·

78 3173 167 3250 loeis
197 3171 490 3260 temporibusque,
523 3173 797 3257 diversorumque
818 3171 1047 3237 accidentium
1068 3169 1201 3256 capaci.

82 3271 188 3320 tatem
209 3259 399 3343 procedunt
422 3272 522 3342 atque
544 3257 769 3331 descendunt;
793 3271 833 3318 ut
852 3255 976 3334 iterum
993 3254 1099 3320 finitis
1113 3271 1195 3320 tern-
1282 3331 1286 3342 ι

77 3339 241 3427 poribus,
279 3343 353 3418 boc,
379 3338 422 3404 est
451 3341 581 3405 mundo
611 3337 963 3404 sensibili-terminato
986 3339 1030 3410 ‚in
1062 3341 1197 3404 easdem
1259 3371 1262 3380 ·

81 3423 198 3488 causas
221 3445 262 3486 ex
282 3421 405 3509 quibus
425 3421 647 3508 profluxerint
667 3426 825 3488 redeunte
857 3444 900 3486 an
921 3423 1050 3510 semper
1071 3421 1108 3510 in
1130 3420 1197 3486 suis

78 3507 187 3572 causis
221 3507 308 3570 ultra
337 3527 472 3570 omnem
492 3504 757 3590 'generationem
785 3520 820 3568 et
849 3505 1070 3580 solutionem,
1108 3507 1197 3569 ultra
1262 3527 1274 3571 .·

79 3589 198 3656 omnia
218 3591 296 3655 loca
317 3587 352 3654 et
371 3605 543 3688 tempora,
578 3606 613 3653 et
633 3593 687 3668 (ιιι
706 3587 858 3654 breviter
874 3587 997 3666 dicam)
1019 3591 1114 3654 ultra
1128 3607 1198 3651 om·
1297 3648 1303 3667 ,

78 3671 142 3738 nia
172 3671 361 3754 accidentia
391 3671 716 3738 incommutabiliter
762 3665 952 3742 ermonenti
984 3669 1032 3750 ita
1053 3687 1093 3734 ut
1113 3669 1198 3757 ipsa·
1255 3723 1264 3746 ,

78 3778 161 3821 rum
181 3757 249 3822 sola
269 3756 367 3822 insita
389 3755 436 3823 eis
457 3755 655 3827 naturaliter
677 3771 711 3820 et
732 3695 947 3842 iisperaddita
970 3749 1196 3846 συμβάματα,

81 3843 153 3906 hoc
174 3841 219 3906 etr
239 3840 429 3908 accidentia
449 3863 537 3928 quse
555 3837 801 3905 rationabiliter
822 3861 842 3903 a
860 3838 1066 3924 sapientibus
1081 3835 1198 3924 paffio·

55 3922 60 3941 '
80 3946 146 3989 nes
164 3925 277 4006 ‚solent
297 3924 478 4012 appellari,
502 3923 617 3989 abeis
640 3921 901 4010 progrediantur
921 3921 1137 3989 materialiter
1150 3923 1198 3992 ad

83 4011 182 4076 hunc
208 4011 378 4074 mundum
406 4008 569 4076 risibilem
589 4007 852 4096 procreandum:
883 4021 983 4069 uteo
1005 4004 1199 4097 iqemm·so·
1255 4006 1260 4059 ἶ

81 4093 163 4158 luto
188 4090 248 4157 illa
276 4092 467 4172 solvantur,
500 4108 534 4158 et
563 4091 601 4158 in
621 4095 696 4156 suas
717 4087 911 4156 substautias
930 4106 1141 4154 revertantur
1159 4102 1200 4151 nt

82 4173 123 4242 in
156 4175 204 4244 eis
226 4173 421 4264 quieseant,
455 4176 705 4266 terminumque
725 4173 804 4240 suae
822 4167 1059 4244 mutabilitatis
1082 4169 1199 4244 eonsti-

591 4273 795 4362 Vas*
