2922 4978
296 241 375 317 422
628 245 682 314 lle
701 243 883 318 Diuitiaene
901 241 1073 316 Naltoae.
1106 221 1123 240 ”

297 415 511 498 atrocitatum
543 429 792 496 revolutionem
822 429 860 496 in
887 430 1006 496 sudore
1033 431 1166 504 vultur,
1195 431 1260 498 boo
1284 431 1371 498 edin

295 514 369 602 ipsa
393 515 577 580 secundum
607 513 736 578 seditem
763 511 953 578 hnmilitate
984 527 1084 600 atque
1103 513 1214 578 labore
1236 516 1372 601 operosae

297 597 571 664 considerationie
591 596 793 664 sensibilium
812 598 908 662 velut
926 616 1048 684 panem
1070 598 1113 662 ad
1125 597 1372 662 constitutionem

296 683 453 747 babendo
474 681 656 767 praesentio
675 679 766 754 ritae
787 681 1098 756 occasionem.·stve
1118 703 1177 766 per
1192 695 1300 755 artem,
1318 682 1373 746 five

296 763 477 852 per'aliam
498 767 666 851 quandam
685 763 767 829 inuio
781 761 1090 834 vituedistributam
1101 763 1372 828 machinationem.

297 851 350 914 An
371 847 478 934 magio
500 863 589 912 terra
608 847 650 912 esl
670 845 789 913 adami
810 869 868 914 cor
888 846 1122 921 maledictum,
1154 869 1213 934 per
1232 845 1374 933 praerad-

296 929 466 998 cationem
481 929 649 1032 accipiepa
664 930 853 1030 coelestium
868 934 1036 1030 bonorum
1051 930 1259 995 ablationem.
1281 933 1375 1027 Quam

179 1150 184 1159 ,
296 1028 498 1163 {silli
518 1031 702 1164 lille
720 1015 1376 1165 Pl‘llllllnlffilllell'‘0¹¹2

295 1201 372 1247 rum
407 1121 650 1279 turpiiupdinie,
686 1120 863 1280 etpiterum
885 1181 1075 1268 germinans
1097 1179 1133 1244 in
1158 1201 1201 1278 ⁰⁰.
1217 1179 1308 1244 inslor
1325 1118 1377 1264 ipi-

296 1285 437 1338 narutu,
479 1285 519 1345 oo
558 1279 702 1330 tatronee
730 1285 818 1330 circa
846 1285 1024 1350 corporum
1054 1279 1314 1350 generauonem,
1346 1279 1377 1324 re

296 1346 404 1411 veluti
434 1347 523 1412 tribu
539 1369 592 1424 oa,
630 1347 718 1414 circa
745 1347 1007 1434 incorporalium
1036 1344 1281 1433 providentiam
1307 1339 1377 1422 judi·

296 1427 1065 1600 lbmqlltl‘lilllillinisti&
1085 1447 1260 1578 nielli
1288 1427 1377 1574 llis

165 1613 169 1622 '
296 1597 388 1694 quali
408 1595 445 1660 in
465 1598 585 1663 sudoro
598 1600 713 1662 vultur
725 1597 833 1662 scibili
845 1597 1088 1683 intelligentiae
1100 1593 1377 1661 secundumscien·

296 1693 380 1744 taam
400 1680 499 1744 vultu
516 1679 809 1767 incorruptibilem
831 1681 1020 1768 theologiae
1039 1679 1188 1744 comedit
1199 1699 1323 1765 panem,
1341 1675 1379 1738 so

295 1762 367 1860 lum
398 1784 478 1854 rere
505 1763 641 1828 vitalem
671 1777 705 1827 et
733 1763 984 1829 comedentium
1016 1763 1048 1828 se
1078 1762 1325 1828 conservantem
1347 1757 1379 1820 ed

295 1845 649 1944 incorruptibilitatem
677 1847 940 1944 generationem.
984 1849 1087 1943 Terra
1111 1845 1228 1992 itapue
1251 1845 1292 1908 eil
1309 1846 1379 1986 pepp

295 1929 1296 2098 lsse‘ldllllllssllln⁰2¹5lllln;‘¹ltc2lzlll
1312 2011 1381 2074 nt

158 2095 163 2112 ⁸
297 2108 397 2158 tenue
418 2092 595 2160 Maximus.
645 2094 795 2160 Arbitror
816 2113 927 2160 antem
948 2095 1018 2160 dice
1039 2093 1131 2158 vitae
1152 2092 1258 2158 animi
1278 2091 1381 2178 quibat

295 2184 416 2240 terram
439 2176 549 2241 cordia
570 2177 621 2240 lui
642 2167 818 2264 purgando
840 2181 985 2253 laborat,
1014 2199 1084 2244 non
1108 2180 1172 2242 boe
1193 2175 1382 2242 solummodo

297 2257 418 2343 quibua
447 2260 628 2344 praesentia
657 2261 748 2326 vitae
770 2277 919 2350 tempora
935 2264 1127 2328 solvuntur
1148 2279 1332 2347 corpueque
1349 2257 1381 2318 ab

296 2340 408 2406 anima
437 2359 630 2428 vegetatur,
669 2366 787 2412 verum
818 2346 919 2411 etiam
947 2361 980 2410 et
1001 2344 1086 2410 illud
1107 2345 1253 2430 spatium
1275 2359 1383 2426 tempo·

290 2423 363 2488 'rule
395 2445 461 2510 quo
483 2427 613 2492 animae
634 2427 784 2514 regimen
807 2427 955 2516 corporis
978 2429 1167 2494 deserentes
1188 2428 1225 2494 in
1248 2427 1307 2490 alia
1326 2423 1382 2486 vio
1431 2433 1432 2469 l

297 2509 408 2572 donec
435 2527 574 2596 corpora
595 2511 652 2576 sua
672 2511 839 2598 recipiant
859 2527 1050 2584 morantur,
1077 2499 1273 2597 iig‘nisicare.
1312 2510 1382 2572 Nom

296 2589 388 2654 etin
409 2593 582 2671 hacvita,
605 2615 670 2682 qua
691 2595 786 2660 simul
808 2617 928 2681 corpus
950 2611 984 2660 et
1005 2594 1115 2658 anima
1137 2597 1284 2680 degunt,
1306 2587 1382 2656 etin
1430 2603 1431 2616 ¹

297 2675 399 2738 altera
423 2675 657 2760 postmortem
678 2678 848 2764 corporis.
882 2681 947 2742 hoc
969 2678 1013 2740 eil
1036 2676 1241 2742 solutionem
1262 2679 1328 2752 eine
1345 2692 1383 2734 re·

295 2755 474 2843 ditumque
491 2759 528 2824 ln
548 2777 693 2846 quatuor
715 2761 833 2826 mundi
856 2762 1036 2835 elementa,
1059 2783 1100 2823 ex
1121 2761 1247 2846 quibua
1271 2759 1312 2822 eil
1330 2755 1384 2820 col·
1429 2843 1430 2848 γ

295 2841 421 2904 lectum
452 2855 552 2928 atque
576 2845 812 2930 compofitum,
846 2865 951 2930 usque
973 2843 1138 2907 adfinem
1160 2841 1298 2916 mundi,
1326 2859 1383 2904 cor·

294 2945 483 3009 porumque
511 2925 807 3004 resurrectionem,
838 2927 993 3024 diemque
1022 2925 1143 3008 judicii
1168 2924 1308 3026 purgari
1327 2917 1384 2986 ani·

253 3019 255 3027 ’
295 3028 365 3072 mar
392 3006 482 3093 posse
510 3009 687 3074 credimus.
730 3009 776 3074 Hi
806 3011 883 3073 sunt
904 3009 1008 3097 igitur
1020 3009 1100 3084 diet
1123 3013 1249 3095 qutbue
1270 3006 1384 3100 aninmo

296 3105 416 3154 terram
445 3089 555 3158 cordia
589 3092 639 3156 sui
669 3093 835 3168 comedit,
868 3097 935 3157 hoe
964 3093 1008 3158 eli
1030 3091 1165 3158 actione
1189 3089 1384 3180 purgationrt

296 3171 413 3270 utitur.
456 3175 541 3238 Nam
561 3176 634 3260 posi
653 3176 755 3244 finem
777 3198 887 3241 rerum
909 3176 1110 3242 sensibilium
1132 3179 1268 3246 nullum
1283 3191 1384 3316 purpfir

295 3270 399 3320 uonra
423 3272 535 3322 ectum
554 3258 698 3345 legimur
719 3261 791 3324 iore
838 3260 883 3322 ost
903 3259 1047 3324 reditum
1073 3259 1274 3324 naturae-in
1296 3279 1382 3356 pn·

294 3359 373 3404 nam
427 3340 592 3406 uritatem.
634 3345 678 3405 Et
707 3343 792 3408 forta
831 3365 846 3407 a
874 3345 939 3406 hoc
970 3341 1133 3428 significat
1155 3345 1251 3428 quod
1272 3343 1383 3406 drotum

295 3422 356 3486 eil:
430 3447 489 3486 nee
516 3430 718 3491 eorwerearis
747 3430 781 3490 in
802 3441 923 3488 terrum
944 3427 986 3489 de
1005 3421 1215 3516 quesumus
1236 3448 1287 3490 es:
1315 3417 1383 3487 acfi
1424 3435 1428 3508 l

294 3507 690 3658 llllll‘l‘tllll
714 3508 1384 3658 {instellant‘llllzillllmtl
1427 3509 1428 3597 l

260 3708 262 3722 ι
294 3672 339 3736 eli
356 3673 572 3740 rationabilia
602 3673 774 3763 inquifitio
799 3663 970 3749 veritaris}
1002 3679 1110 3742 donec
1132 3665 1384 3741 converteritiu

293 3769 413 3822 terram
442 3760 484 3822 de
512 3779 578 3845 qua
604 3760 805 3836 summaer,
836 3763 902 3824 hoc
924 3760 967 3824 est
988 3759 1023 3823 in
1046 3759 1252 3824 soliditatem
1274 3757 1385 3821 incom·

291 3841 488 3906 mutabilem
515 3841 784 3929 primordialium
811 3845 982 3909 cansarum
1017 3865 1056 3906 ex
1109 3843 1211 3908 tribue
1234 3839 1383 3927 originem

294 3921 409 4018 ducie;
443 3925 627 3992 nonenim
650 3926 792 4024 piterius
808 3925 956 4002 sudabis,
989 3929 1069 3992 dum
1086 3865 1172 3991 ilno
1193 3917 1384 4025 perveneriff·

294 4005 397 4102 Quod
426 4024 540 4073 autem
565 4031 705 4075 nomine
726 4027 831 4074 terrae
852 4010 994 4076 feliciter
1018 4024 1172 4076 aeternae
1193 4023 1287 4074 vitae
1305 4004 1384 4070 [labe
1425 4039 1426 4058 2

291 4087 437 4178 lamque
462 4091 728 4178 primordialium
756 4094 928 4160 causarum
955 4115 1002 4160 ex.
1023 4093 1145 4181 quibua
1174 4089 1383 4175 omniaque

293 4170 371 4238 sunt
391 4173 564 4250 oriuntur.
598 4176 824 4262 significetur3
849 4175 969 4244 multia
991 4175 1126 4244 divinae
1146 4175 1328 4263 scripturae
1344 4170 1381 4232 Ιο-
1424 4255 1425 4264 ¹
