2912 4978
443 219 798 346 *meamea
1115 261 1190 334 rot

101 449 134 512 de
156 441 284 545 ingeila
311 441 426 515 dixlllo
454 454 568 532 aperte
596 467 667 512 nou
695 443 871 534 reperitur.
911 441 1187 524 inenuntium

32 548 35 558 ·
102 547 127 594 et
141 528 452 610 mimdrauteegDeo
474 529 628 596 coelestes
648 527 791 594 virtuter
808 528 971 616 legimus,
1000 531 1186 596 humanam
1233 556 1240 570 ·

98 635 163 678 vero
197 629 354 677 naturam·
370 611 408 676 in
428 616 538 679 verbo
554 615 620 678 Dei
640 616 753 679 Deum
775 613 916 689 factam,
952 627 986 678 et
1006 614 1120 680 ledere
1141 615 1186 678 ad

97 700 225 769 dextram
252 695 321 760 Dei
327 735 338 770 ,
370 711 408 759 et
431 707 572 784 iegnare
603 697 686 762 fides
707 698 842 764 testatur
861 695 1038 762 catholica.
1080 697 1186 784 Quod
1290 709 1302 732 ²

96 780 185 844 enim·
216 781 261 844 ost
280 777 556 850 resurrectionem
579 779 731 865 omnium
752 779 952 868 generaliter
967 779 1186 846 deutunibut

94 863 171 926 homi
195 885 206 925 r
231 885 271 926 ua
301 861 469 928 Dominus
500 863 605 940 dicit,
638 868 748 930 Erunt
771 862 876 954 ficut
895 865 1016 947 Angeli
1045 865 1119 928 Dei
1151 866 1186 928 in

92 948 183 1019 coelo,
213 967 286 1010 non
308 949 350 1022 de
370 946 603 1033 condignitate
623 964 781 1022 naturae,
813 950 871 1013 sed
892 951 935 1014 de
955 945 1187 1013 immortalita-

91 1028 127 1094 tit
156 1029 370 1116 aequalitate,
411 1045 446 1094 et
477 1033 571 1118 quod
601 1031 695 1096 omni
723 1033 803 1096 sexu
832 1051 994 1117 corporeo
1024 1029 1187 1118 omnique

90 1111 288 1260 {orruptibili
309 1112 528 1261 generahtione
544 1119 730 1262 ‘carebugrtti
752 1112 1013 1262 intelligetndutu
1032 1112 1186 1262 arbitror.

113 1217 221 1260 ramam
248 1219 327 1260 nam
353 1219 396 1260 ue
446 1217 569 1262 omrure
599 1219 700 1263 conr
732 1219 831 1266 onem
853 1220 932 1263 ane
977 1219 1053 1264 ecca
1093 1220 1129 1262 m
1147 1219 1187 1262 tn

89 1280 243 1354 Paradilo.
266 1219 418 1356 hoeqest,
441 1281 478 1344 in
502 1282 633 1348 coelesti
653 1279 866 1347 beatitudine
887 1222 1059 1369 aeqiialem
1076 1282 1187 1367 Ange·

24 1431 26 1444 y
88 1361 140 1435 lior
167 1385 205 1428 ae
232 1362 342 1428 veluti
371 1368 624 1430 connaturalem
651 1365 765 1442 inille,
799 1387 871 1433 uon
893 1365 938 1430 est
956 1363 1187 1452 incongruum

89 1448 217 1510 eredere.
261 1447 315 1510 De
333 1445 386 1511 hir
407 1470 553 1536 namque
576 1451 735 1514 ambabus
757 1447 910 1526 naturis.
932 1446 1094 1538 Angelica
1107 1445 1186 1512 dieo

87 1543 174 1615 atque
194 1533 361 1605 bumana,
383 1533 515 1597 Theolo
543 1531 572 1596 'a
592 1529 811 1620 pronuntiat,
849 1531 982 1608 dicent,
1018 1525 1189 1677 Qvissci·

78 1610 123 1700 sti
143 1614 247 1680 coelos
269 1618 303 1678 in
325 1555 595 1689 intellectuffioc
617 1618 679 1693 est,
701 1631 741 1680 ut
763 1615 977 1681 ellentialitet
998 1630 1032 1680 et
1043 1616 1102 1679 rub
1129 1635 1188 1678 an·
1251 1682 1256 1696 Ι

88 1695 198 1762 tialiter
225 1695 422 1764 intellectus
452 1701 564 1765 ellent.
608 1699 780 1790 Quoniam
809 1721 891 1766 vero
912 1703 1023 1776 hmo,
1058 1721 1131 1762 eum
1151 1699 1188 1762 itt
1312 1754 1316 1765 .

85 1781 188 1845 honore
215 1775 322 1874 effer,
355 1805 418 1847 non
448 1785 635 1860 intellexit,
670 1799 704 1849 et
731 1797 944 1868 comparatus
965 1781 1014 1874 est
1024 1781 1189 1872 jumentis

85 1861 320 1956 insipientibus,
346 1881 379 1930 et
389 1865 513 1960 stmt'lir
522 1861 648 1956 faetus*
670 1867 718 1969 est
739 1873 805 1944 eis,
840 1870 943 1955 louge
964 1890 1004 1932 ex
1025 1862 1188 1952 Angelica

84 1948 239 2033 drgnitate
261 1949 409 2024 receffit,
431 1952 535 2040 inque
556 1955 706 2018 mortalro
727 1955 828 2033 hujus
849 1951 939 2016 vitae
962 1949 1188 2015 calamitatem

83 2031 205 2097 cecidit.
252 2033 429 2121 Postquam
457 2052 570 2101 autem
607 2039 751 2106 Verbum
771 2057 849 2100 coro
859 2027 1000 2185 {actum
1021 2033 1089 2123 est,
1118 2033 1188 2095 hot:

84 2115 134 2187 est,
154 2119 251 2181 Deus
272 2121 376 2182 homo
400 2119 507 2184 factus
530 2121 592 2206 ell3
614 2121 660 2184 im
686 2124 775 2185 letur
789 2140 856 2207 quo
893 2119 931 2184 in
941 2119 1072 2183 Psalmo
1086 2113 1187 2200 serip-

83 2211 146 2264 tum
173 2201 234 2278 est,
277 2203 371 2298 Quid
399 2201 448 2304 esi
474 2207 569 2269 homo
588 2145 684 2286 quoti
697 2227 815 2270 memor
837 2228 873 2268 es
892 2205 982 2302 qus,
1015 2213 1077 2272 aui
1088 2198 1186 2292 filius

82 2283 228 2357 laminis,
273 2289 351 2371 quia
377 2283 498 2377 vestros
527 2291 623 2352 eum?
665 2287 841 2354 Admirane
869 2285 1031 2351 vrdelicet
1083 2282 1188 2348 rimae

82 2365 282 2432 conditionis
304 2372 471 2434 humanae
493 2388 632 2436 naturae
654 2371 888 2445 altitudinem,
911 2307 1094 2462 Minorasti
1102 2389 1185 2442 eum,

80 2445 197 2536 inquit,
227 2455 333 2536 poulo
363 2457 469 2517 minus
496 2456 538 2518 ab
568 2457 725 2536 Angelis,
758 2459 825 2520 hoc
860 2454 904 2518 est
923 2450 1086 2522 minorari
1107 2470 1187 2515 euru

81 2533 189 2598 merito
214 2536 296 2600 luae
319 2537 490 2622 superbiae
509 2538 698 2624 permistlli‚
723 2555 758 2602 et
778 2539 815 2602 in
837 2537 1086 2623 turpitudinem
1106 2533 1189 2597 irra-

81 2613 245 2683 tionabilis
274 2620 364 2684 vitae
400 2625 518 2685 cadere
547 2624 604 2686 sua
635 2621 773 2708 propria
803 2623 981 2686 voluntate
1013 2613 1187 2704 reliquisti.
1296 2615 1305 2673 ἴ

80 2699 162 2763 Deua
194 2700 292 2767 enim
326 2703 453 2778 facere,
488 2707 580 2790 quod
609 2705 683 2768 lieri
714 2703 810 2781 finit,
844 2706 948 2768 modo
972 2703 1119 2790 ‘quodam
1138 2699 1190 2762 lo·
1250 2763 1254 2778 ,

79 2785 195 2867 quendi
221 2783 367 2872 dieitur,
394 2771 508 2852 Gloria
530 2791 700 2852 ethonore
720 2785 888 2874 coronasti
908 2807 998 2860 eum,
1021 2797 1055 2848 et
1068 2777 1175 2870 eorfi'

79 2871 122 2926 tui
151 2873 163 2931 i
192 2893 268 2932 eum
285 2865 394 2958 supter
416 2893 519 2953 opera
545 2893 695 2936 monrium
716 2884 863 2944 tuarum.
893 2871 1001 2934 omnia
1010 2803 1188 2960 subjecisti

70 2944 109 3039 su
152 2953 299 3034 pedibus
330 2957 407 3043 ejus.
450 2955 595 3018 Videsne
628 2970 792 3041 quantum
822 2956 970 3017 humana
998 2963 1119 3014 natura
1148 2945 1188 3012 iu

77 3033 175 3176 grimo
205 3034 350 3101 homine
379 3037 451 3124 post
480 3053 659 3125 peccatum
679 3037 874 3110 humiliata.
907 3051 941 3100 et
962 3050 1127 3122 quantum
1147 3029 1186 3094 in
1234 3082 1235 3090 ,

92 3123 215 3185 eeundo
241 3119 401 3194 homine,
432 3121 469 3184 in
493 3119 742 3196 Christodico,
773 3143 834 3208 per
854 3118 994 3208 gratiam
1017 3111 1185 3182 exaltata?

79 3199 247 3289 Siquidem
281 3224 353 3267 non
381 3204 488 3268 lulum
518 3207 558 3268 ad
587 3204 764 3291 pristinum
795 3206 870 3268 luae
892 3199 1032 3268 naturae
1055 3200 1185 3274 statum,

80 3283 200 3372 dequo
224 3286 354 3352 cecidit
372 3290 493 3361 homo,
514 3286 704 3365 restitutue;
731 3309 851 3352 verum
874 3286 976 3352 etiarn
998 3285 1097 3372 super
1116 3301 1187 3370 pm·

80 3388 132 3432 nea
151 3371 311 3435 coelestes
332 3369 476 3434 virtuter
500 3372 675 3438 exaltatus.
713 3371 779 3436 Ubi
802 3369 893 3436 enim
907 3365 1096 3436 abundavit
1109 3383 1186 3451 pec·
1222 3419 1226 3430 .

78 3467 198 3529 catum,
233 3451 521 3539 superabundavit
547 3453 662 3539 gratia.
707 3454 743 3519 Si
771 3453 876 3542 igitur
895 3457 1045 3516 humana
1064 3463 1186 3513 natura

78 3554 139 3602 nou
169 3536 354 3602 lulumaead
376 3535 576 3624 dignitatem
598 3538 792 3624 Angelicam
814 3537 851 3600 in
875 3535 1003 3601 Christo
1024 3543 1187 3596 renovata

77 3619 248 3700 pervenit,
278 3640 397 3684 verum
419 3619 520 3684 etiam
541 3622 628 3684 ultra
650 3643 787 3686 omnem
808 3633 994 3684 creaturam
1015 3615 1052 3680 iu
1073 3615 1188 3709 Deum

79 3701 231 3790 aliumpta
262 3702 324 3779 est,
359 3719 393 3768 et
420 3707 512 3790 quod
533 3703 661 3770 facturn
685 3705 731 3769 est
749 3703 787 3766 in
810 3701 940 3789 capite,
969 3699 1006 3764 in
1027 3695 1188 3762 membru

79 3781 224 3852 futurum
249 3787 314 3851 elle
333 3785 479 3873 impium
502 3787 549 3851 est
567 3793 708 3876 negaret
734 3785 818 3874 quid
837 3785 979 3858 mirum,
1001 3781 1025 3846 fi
1044 3773 1187 3845 humani

80 3863 267 3938 intellectus
293 3868 346 3936 nil
378 3871 471 3936 aliud
502 3870 583 3948 lint,
614 3871 675 3936 nili
702 3869 891 3935 ineffabiles
911 3864 1188 3949 intestabilesque

79 3955 206 4019 motuni
231 3959 272 4019 ln
295 3952 349 4018 bie
372 3953 468 4030 dico,
513 3953 551 4017 ui
573 3953 669 4041 digni
690 3955 769 4019 sunt
789 3951 878 4018 circa
897 3955 1028 4026 Deum,
1062 3953 1186 4043 Inque

80 4039 200 4116 abunt,
210 4051 246 4106 et
256 3975 573 4132 moventumtjunt.
590 4043 679 4105 Sunt
689 4037 826 4125 quidem
836 4033 1054 4123 perorationes
1065 4032 1188 4126 qurbut

83 4117 236 4188 nillunte
256 4137 439 4190 moventur
452 4121 674 4210 parationes
688 4121 866 4200 virtutum,
884 4119 1007 4270 guibur
1020 4119 1111 4180 bene
1122 4129 1189 4178 exr-

24 4273 25 4312 ἶ
83 4198 157 4271 flue
175 4205 336 4296 polluit
356 4205 480 4276 vivunt
496 4206 728 4296 parratiouet,
749 4205 874 4294 quibua
902 4221 1017 4290 emper
1033 4193 1186 4266 exiliunt.
