2930 4982
189 185 197 191 ’
274 224 354 334 aaa
493 207 496 234 ¹
614 233 869 306 rra-natam
889 225 1064 303 traam

253 399 372 490 ι’[ιιπιι,
405 430 516 503 neque
536 413 672 501 mirera,
699 437 744 483 ne
768 439 812 484 ue
832 405 961 506 turpia,
982 435 1097 504 neque
1115 413 1307 494 inhonesta,
1330 437 1386 481 ne·

276 521 344 587 que
370 502 456 564 mala
483 501 576 566 iuntt
610 439 773 590 quicquid
804 496 895 568 enim
918 497 1053 567 divinae
1097 497 1311 586 rovidentiae
1333 503 1386 564 ad·

275 579 575 649 ministrationibus
597 586 790 660 ordinatur,
817 587 945 653 bonum
967 599 1001 666 et
1021 525 1176 672 puiirutu
1198 598 1233 648 ct
1266 583 1385 664 justum

274 666 330 732 eil.
374 664 467 751 Quid
489 668 579 732 enim
601 669 721 735 melida
743 669 804 748 eli,
827 691 926 758 quam
943 665 1036 732 titex
1050 668 1280 754 oppositorum
1293 687 1384 732 cotu-

274 749 450 836 paratione
487 767 521 814 et
549 753 773 817 univerfitatio
803 767 837 818 et
858 751 1049 818 coit‘ditotit'
1066 751 1219 818 omnium
1241 751 1315 815 laus
1336 751 1386 813 in·

151 865 165 880 ,
276 831 418 897 effabilis
443 828 683 920 comparetur?
714 836 807 921 Quid
827 837 963 917 iustius,
986 857 1086 922 quam
1105 851 1144 898 ut
1166 832 1385 898 benemeriti

248 915 539 982 'lublimiffimum
561 941 672 983 rerunt
696 919 862 996 ordinem,
885 922 970 984 male
992 941 1071 984 vcro
1093 917 1206 982 meriti
1227 913 1386 981 infimum

275 1000 477 1065 obtineant?
501 1001 595 1085 Quid
617 1003 810 1081 honestius,
834 1011 933 1092 quam
954 1018 1000 1066 ut*
1017 1019 1056 1066 ex
1078 1001 1222 1088 propriis
1243 1001 1388 1087 iugulo-

272 1105 348 1147 rum
379 1083 634 1150 habitudinibus
664 1087 858 1152 universitas
887 1099 997 1152 rernm¹
1031 1087 1183 1149 omnium
1216 1081 1381 1148 ometuri

171 1199 173 1203 ·
243 1245 245 1250 ι
272 1169 382 1232 Nemo
403 1167 518 1254 itaque
539 1185 635 1246 recto
652 1170 962 1270 philosophantium
985 1169 1147 1233 existimat
1169 1168 1270 1232 ullam
1292 1163 1386 1231 utali-
1461 1219 1462 1252 ,

275 1250 355 1314 tiam
378 1254 563 1327 malumve,
594 1255 696 1317 ullam
718 1253 926 1341 impietatem
948 1252 1160 1338 impiumve,
1197 1252 1301 1313 ullam
1322 1247 1384 1314 mi·
1461 1253 1462 1274 ³

272 1332 390 1399 leriam
411 1333 632 1410 miserumve,
656 1337 927 1424 ullamtpoeuam
968 1335 1166 1416 unitumve.
1188 1333 1298 1397 ulium
1312 1333 1387 1418 iup-

275 1417 419 1504 plicium
439 1417 656 1504 'suppliciove
674 1420 892 1494 obnoxium,
923 1361 1024 1483 uiiam
1050 1415 1296 1504 turpitudinem
1318 1430 1387 1480 tut·-

272 1519 359 1588 peve
375 1517 392 1575 ,'
405 1503 508 1564 ullam
531 1503 773 1568 inhonestatem
794 1503 1066 1578 inhonestumve,
1091 1501 1127 1564 in
1143 1502 1251 1572 bona',
1276 1514 1310 1563 et
1326 1521 1386 1584 op·
1461 1525 1462 1564 ;

273 1583 373 1657 tima,
406 1601 441 1648 et
467 1584 720 1670 religiofiffima,
758 1599 792 1650 et
810 1585 1012 1658 feliciffima,
1048 1600 1083 1664 et
1104 1581 1319 1670 imputribili,
1352 1597 1388 1645 et
1461 1595 1462 1600 ’

271 1667 474 1744 beatiffima,
498 1677 532 1730 et
553 1671 796 1755 pulcherrirna,
827 1687 861 1735 et
882 1667 1102 1734 honestiffimit
1124 1665 1229 1746 totius
1251 1665 1388 1729 univer·

271 1751 375 1822 fitatia
404 1745 564 1818 conditae
593 1753 841 1832 ordinatione3=
859 1770 893 1818 et
922 1756 962 1818 ab
986 1773 1026 1818 eo
1048 1749 1107 1839 qui
1129 1751 1257 1814 summa
1280 1751 1386 1812 hone-

271 1835 331 1899 liao
362 1834 423 1909 eil,
459 1835 586 1898 summa
617 1837 833 1921 pulcritudo,
868 1839 995 1901 intuma
1028 1833 1220 1906 beatitudo,
1257 1831 1386 1896 summa

271 1917 385 2004 quiet,
410 1919 535 1982 iumma
558 1918 720 1994 felicitae,
747 1921 910 1985 summum
932 1923 1060 1984 bouum
1083 1914 1387 2001 summaer-eligio·
1461 1949 1462 2000 l

271 2001 328 2064 nie
358 2000 543 2066 ordinatae.
566 2002 687 2080 ,atiud
720 1998 817 2068 e‘nim'
845 2004 889 2067 eii
919 2004 1125 2068 confiderare
1146 1997 1290 2085 lingulae
1311 1995 1386 2061 uni·
1461 2023 1462 2074 l

269 2083 433 2170 versitatis
462 2100 592 2170 partes,
626 2086 717 2150 aliud
751 2093 870 2151 totum.
915 2079 1209 2151 Hineconfieltur
1230 2096 1271 2144 ut
1292 2083 1384 2168 quod
1461 2087 1462 2096 ’

268 2164 306 2230 in
328 2183 423 2252 parte
444 2169 650 2255 contrarium
673 2169 735 2232 elle
756 2185 912 2256 putatum
936 2169 971 2234 in
995 2182 1068 2233 toto
1091 2181 1162 2231 non
1186 2165 1295 2230 [oium
1312 2185 1382 2230 nou

269 2249 474 2314 contrarium
485 2293 498 2324 ‚-
524 2273 641 2314 verum
675 2253 776 2329 etiam
806 2252 1045 2338 pulcritudinis
1074 2273 1109 2314 ar
1157 2263 1311 2312 meatum
1334 2269 1382 2328 re·

154 2343 158 2357 ·
269 2333 408 2419 peritur.
449 2335 604 2398 infernus
634 2332 747 2421 itaque
777 2355 852 2398 cunr
883 2355 901 2398 a
936 2335 1072 2400 Graecia
1103 2331 1207 2431 nipe,
1238 2333 1306 2396 hoc
1341 2329 1385 2394 'est

271 2415 401 2480 tristitia
425 2418 477 2481 vei
504 2418 698 2482 delitiarum
721 2418 886 2504 privatio,
910 2419 990 2481 dum
1014 2440 1073 2504 per
1096 2419 1129 2481 ie
1149 2415 1259 2502 tpium
1280 2413 1385 2478 confi·

270 2502 420 2574 deratur,
442 2501 568 2564 malum
592 2502 688 2566 malit
711 2503 946 2588 cognoscitur3
986 2504 1066 2565 dum
1089 2497 1228 2564 veroin
1248 2497 1385 2561 univer·

266 2665 430 2731 efficitur:
464 2669 624 2754 quoniam
658 2687 728 2732 uon
760 2669 866 2732 solum
888 2667 1046 2748 justiffimi
1069 2665 1191 2748 judicit
1213 2664 1382 2737 severina,

265 2751 411 2824 (aeterna
428 2773 574 2837 namque
594 2749 758 2815 sententia
776 2751 811 2815 in
830 2773 870 2816 eo
887 2751 1127 2825 manifestatur)
1144 2769 1263 2814 verum
1278 2747 1385 2811 etiam

266 2834 441 2898 beatorum
465 2835 642 2898 bominum
667 2851 700 2898 et
721 2835 915 2920 angelorum
939 2837 1011 2899 laus
1044 2831 1215 2898 felicitatis
1227 2829 1389 2922 *adquiri-

176 2973 179 2978 .
267 2930 339 2990 tur,
364 2933 399 2980 et
418 2917 613 3004 pulcritudo
639 2918 840 2994 cumulatur.
887 2921 1000 3003 Quare
1026 2918 1140 3004 itaque
1162 2917 1250 2979 iutra
1272 2913 1389 2978 termi-

266 3019 330 3062 noa
351 3015 491 3064 naturae
513 3000 585 3063 lieri
608 3021 677 3064 uon
701 3001 877 3073 fineretur,
910 3007 1002 3066 unde
1024 3003 1095 3064 laus
1119 3005 1190 3077 eiua
1212 3013 1247 3062 ct
1270 2997 1389 3084 adqui·

194 3129 195 3132 ,
265 3080 352 3142 titur
380 3098 414 3146 et
440 3084 636 3167 pulcritudo
666 3085 838 3170 augetur?
876 3086 946 3148 Cur
976 3101 1087 3147 autem
1112 3083 1239 3147 diversa
1260 3079 1388 3169 impio·

266 3186 340 3226 rum
370 3165 533 3262 supplicia
561 3167 688 3230 inferni
720 3169 886 3232 vocabulo
920 3166 1033 3230 L'atini
1056 3168 1164 3231 solent
1185 3165 1389 3252 siguificare,

267 3267 307 3309 ex
330 3247 494 3332 opimone
516 3251 631 3336 vulgi,
668 3265 706 3312 ut
728 3253 762 3313 S.
787 3251 988 3350 Augustinus
1010 3250 1046 3314 in
1070 3251 1275 3336 duodecimo
1295 3249 1389 3311 libro

266 3330 464 3394 Hexaemeri
488 3332 536 3394 sui
560 3335 725 3418 explanat,
742 3349 919 3398 tractatum
945 3335 997 3396 est.
1033 3333 1173 3420 Antiqui
1196 3333 1289 3396 enim
1314 3333 1389 3417 ipea

178 3447 180 3452 ·
266 3414 339 3478 suaa
370 3414 494 3496 fabuiie
525 3415 719 3502 animatque
741 3416 1062 3502 sepulcriodantea,
1096 3417 1387 3502 quemadmodum

170 3517 193 3568 ·,
265 3500 426 3562 cadavera
458 3519 637 3584 corporum
669 3503 788 3566 obruta
819 3499 1000 3584 repulerim
1036 3499 1081 3562 ita
1114 3500 1215 3562 etiam
1257 3499 1390 3562 animae

265 3588 343 3644 cunr
365 3579 442 3666 ipiia
464 3582 682 3646 cadivetibur
705 3586 858 3648 detentas
879 3581 915 3646 in
935 3582 1056 3647 iisdem
1081 3583 1315 3669 sepulcrorum
1337 3601 1387 3645 cu

264 3664 380 3809 puernir
401 3659 593 3810 pupabant.¹
622 3663 914 3813 plinfclrinfernum
936 3667 1025 3765 quali
1046 3663 1134 3764 infra
1157 3679 1279 3764 terram
1325 3663 1387 3762 pb·

263 3765 556 3894 eutitii
579 3769 675 3896 viai.
700 3759 1290 3898 ‘attitlitt¹¹ltat'¹tlttlt
1314 3761 1389 3897 :ti

205 3945 209 3963 ι
265 3911 333 3974 tiuo
365 3915 611 3978 confiderautea
644 3937 682 3979 cx
707 3915 889 4003 reffiueque
920 3915 1163 4004 fignificantea,
1207 3909 1389 4004 dinudat

172 4105 177 4114 Ι
266 3992 427 4074 diximus)
450 4000 522 4095 boc
553 3999 596 4062 cii
624 3999 665 4080 tri
695 3997 788 4100 'tiam
818 3999 1075 4148 appellaverunt
1093 3997 1281 4099 infernum:
1299 4079 1309 4096 υ
1325 3999 1387 4062 Na

261 4092 375 4177 turam
407 4079 569 4165 liquidem
600 4095 711 4147 rerum
742 4083 837 4147 vrsrbr
852 4098 981 4148 tumet
1002 4081 1222 4148 mvriibiituut
1246 4082 1386 4170 diiigen-

262 4175 318 4225 ter
346 4177 529 4242 nmantea,
560 4167 674 4232 locum
705 4165 881 4255 supplitiia
907 4166 1065 4234 invenire
1091 4185 1163 4236 nou
1184 4177 1383 4256 potueruut»
1461 4171 1462 4244 ζ

268 2581 369 2646 litatio
391 2585 615 2668 pulcherrima
639 2585 853 2648 ordinatione
875 2584 1108 2658 constituitur,
1131 2579 1383 2652 bonumbouic
