2854 4978
281 243 362 324 m
463 291 468 316 ι
606 243 1074 364 ¹sleslt'ot'at'ottelsoluooe
1164 259 1172 272 ·

280 431 398 498 srtcrea
418 428 535 507 alunt,
562 429 656 496 etin
677 451 717 496 ea
736 428 848 507 solvi..
862 439 897 494 et
917 428 954 494 ln
976 427 1025 494 eie
1045 423 1174 497 salvari,
1212 423 1377 498 Gathoiiee

333 535 421 602 oque
440 513 550 580 solent
571 511 751 602 appellari,
772 513 810 579 id
831 512 892 590 est,
914 512 1129 590 Universalia,
1151 509 1278 600 exipsre
1291 513 1377 602 liqui·

413 596 528 685 ropria
548 597 755 684 singulorum
776 597 1035 684 corporalium.
1079 601 1204 662 iterum
1227 598 1377 664 elementa

281 703 355 747 non
378 621 420 746 pe
440 681 549 746 nihilo
571 683 683 758 facta,
719 682 777 746 sed
798 703 838 745 ex
859 679 1131 766 primordialibus
1154 681 1255 747 oa'ufia
1274 701 1376 767 proee-

285 767 364 832 dere
383 765 511 840 intecta
540 785 621 851 quae
642 756 876 852 primordiales
897 765 1009 830 causae
1030 765 1145 839 simul,
1180 778 1215 830 et
1234 763 1376 828 semelin

281 852 387 914 verbo
408 847 472 912 Dei
494 848 598 913 factae
619 852 733 914 nullua
754 847 906 914 fidelium
923 846 1072 924 dubitat,
1095 845 1236 912 audiena
1248 849 1376 934 prophe·

283 947 352 996 tarn
381 931 551 998 dicentem
572 935 667 1008 Deo,
697 936 808 999 omnic
829 935 864 996 in
880 923 1207 1026 [apientiafeeistia
1232 931 1376 996 frontem·

282 1035 349 1103 que
370 1015 479 1080 sacrae
501 1014 684 1104 scripturae
706 1015 870 1103 aspicient
893 1038 959 1102 qua
978 1015 1040 1080 scri
1067 1032 1140 1080 tum
1162 1015 1375 1098 ell,1nprirt·

280 1103 372 1182 cipio
395 1093 493 1186 fecit
519 1101 619 1165 Deus
650 1102 773 1165 coelum
804 1114 838 1165 et
865 1113 997 1166 tanam.
1042 1041 1377 1186 it.1tetntergo·n

281 1201 481 1332 praeramue
503 1185 544 1248 de
567 1183 644 1270 ipfie
663 1183 938 1332 primordialibus
959 1184 1079 1259 causta,
1104 1197 1218 1246 utrum
1238 1179 1273 1246 in
1287 1183 1375 1249 verbo

306 1266 338 1332 ei
371 1269 413 1331 de
433 1265 543 1332 nihilo
565 1267 651 1332 lunt·
679 1284 793 1345 actae,
828 1291 871 1332 an
893 1269 1022 1354 semper
1041 1265 1078 1330 in
1101 1287 1142 1330 eo
1165 1281 1277 1344 etanta
1310 1259 1375 1328 etst

279 1349 349 1416 sem
376 1349 468 1415 erin
493 1366 668 1428 corrant,
701 1373 774 1416 non
796 1366 882 1427 erat,
917 1354 1052 1439 quando
1075 1371 1147 1414 non
1170 1364 1279 1424 erant,
1305 1349 1375 1414 licut

278 1374 372 1500 ithai
386 1436 546 1511 verbum,
568 1432 606 1500 in
628 1455 696 1522 quo
718 1450 831 1511 erant,
854 1455 925 1500 non
948 1449 1034 1520 erat,
1080 1436 1195 1498 nando
1215 1453 1283 1498 non
1301 1445 1375 1526 erata

282 1531 318 1583 et
338 1518 362 1583 li
382 1517 514 1604 semper
533 1517 571 1583 in
593 1537 634 1584 eo
654 1520 760 1584 verbo
782 1535 896 1594 erant,
929 1455 1100 1604 quomoio
1122 1516 1160 1581 in
1182 1515 1254 1601 ipso
1275 1517 1314 1580 de
1333 1534 1375 1576 nr·

279 1601 354 1666 hilo
380 1602 489 1672 factae
520 1601 621 1667 sunta
652 1623 725 1666 non
755 1599 847 1666 enim
876 1600 1001 1666 rationi
1024 1599 1207 1676 convenit,
1243 1613 1376 1684 eaquae

279 1684 410 1772 semper
432 1698 543 1760 erant,
568 1686 610 1750 de
630 1684 740 1750 nihilo
762 1684 837 1749 lieri
857 1683 1045 1758 inchoallea
1067 1700 1101 1748 et
1123 1685 1147 1748 [ι
1169 1680 1242 1770 quie
1259 1678 1375 1752 dixerit,

279 1767 369 1834 illud
389 1766 494 1842 nihil,
519 1771 560 1833 de
583 1772 650 1855 quo
672 1769 780 1833 sactae
800 1769 896 1844 sunt,
933 1769 1063 1854 semper
1085 1780 1174 1843 erat,
1212 1779 1245 1830 et
1263 1766 1376 1850 semper

282 1854 324 1918 de
347 1872 388 1916 eo
409 1852 517 1915 factae
537 1853 635 1928 sunt,
670 1867 850 1938 quaeretur
872 1855 911 1916 ab
933 1851 1010 1926 illo,
1033 1850 1093 1914 ubi
1114 1852 1243 1937 semper
1263 1863 1326 1914 erat
1344 1845 1375 1908 il·

280 1936 343 2000 lud
364 1933 482 1998 nihils
503 1937 624 2000 Utrum
645 1933 683 1999 in
703 1938 808 2000 verbo
831 1936 905 2011 dei,
927 1933 963 2000 in
987 1956 1054 2020 quo
1075 1933 1191 1998 omnia
1210 1931 1375 2002 tubtstmt.

281 2039 324 2083 en
346 2016 460 2103 perse
482 2033 573 2082 extra
595 2017 763 2082 verbum?
794 2019 830 2083 Si
850 2017 1062 2106 responderit
1082 2017 1119 2082 in
1141 2017 1244 2082 verbo
1263 2017 1376 2100 semper
1417 2049 1419 2090 p

283 2107 377 2176 ciat,
401 2115 596 2187 opponetur
617 2101 665 2177 εἰς
696 2105 775 2167 Non
798 2123 877 2202 ergo
898 2102 985 2168 nihil
1007 2102 1065 2165 sed
1082 2123 1246 2188 magnum
1265 2093 1376 2184 aliquid
1418 2115 1419 2132 ¹

282 2197 373 2259 erat,
408 2182 523 2248 omnia
544 2185 708 2270 liquidem
729 2207 815 2274 quae
836 2209 873 2250 ιιι
894 2187 999 2250 verbo
1020 2181 1074 2250 dei
1096 2185 1280 2258 subsistunt,
1309 2194 1375 2244 vere

280 2283 317 2332 et
335 2267 533 2331 naturaliter
553 2268 738 2334 subsistunt.
771 2273 817 2333 Et
837 2271 874 2334 in
896 2269 1016 2334 ordine
1035 2267 1300 2354 primordialium
1311 2282 1374 2360 φῦ·

279 2347 389 2415 sarum
417 2353 718 2417 connumerabitur
746 2356 839 2441 quod
860 2352 956 2418 Nihil
977 2354 1178 2437 putabatur,
1207 2365 1241 2415 et
1260 2351 1372 2432 dequo

280 2432 396 2500 omnia
423 2434 510 2498 faeta
536 2439 731 2500 ereduntur.
764 2437 799 2500 si
819 2459 901 2502 vero
926 2443 1015 2502 extra
1036 2437 1180 2499 verbum
1199 2455 1259 2521 per
1276 2432 1306 2496 se
1323 2449 1374 2513 pu·

279 2515 404 2582 taverit
431 2517 537 2596 nihil,
568 2522 647 2584 duo·
666 2519 836 2607 principia
863 2520 924 2585 fibi
950 2518 1099 2583 invicem
1122 2517 1271 2591 adversa,
1302 2513 1373 2578 ficut

278 2621 371 2666 unns
386 2601 664 2669 Manichaeorum
687 2602 912 2669 aestimabitur
932 2602 1071 2688 fingere.
1106 2600 1211 2666 Multi
1231 2594 1372 2684 fiquidem

239 2729 243 2737 ι
277 2682 478 2750 secularium
498 2683 781 2774 Philosophorum
802 2687 985 2752 informem
1006 2684 1180 2749 materiam
1200 2695 1370 2750 eoetcmem

279 2769 345 2834 deo
366 2768 428 2832 else
447 2784 674 2855 putaverunt,
698 2772 740 2834 de
760 2793 826 2918 pua
847 2769 963 2836 omnia
985 2789 1087 2855 opera
1101 2769 1160 2832 sua
1177 2766 1266 2843 lecit,
1287 2779 1371 2849 qoam

277 2852 454 2916 materiam
482 2868 661 2951 propterea
688 2852 763 2918 nihi
808 2854 980 2928 dicebant,
1011 2851 1091 2938 quia
1111 2850 1300 2938 priusquam
1317 2845 1370 2908 sor·
1417 2931 1418 2934 Ἴ

277 2957 350 3000 mae
372 2949 406 3000 et
426 2936 553 3020 spectet
574 2959 593 3002 a
614 2940 689 3002 Deo
711 2937 897 3025 acciperet,
918 2957 990 3002 non
1006 2939 1205 3022 apparebat,
1228 2919 1369 2998 eoveluti

276 3017 417 3105 penitus
438 3017 525 3082 nihil
548 3034 628 3086 erat.
686 3020 861 3118 Quicquid
881 3017 974 3085 enim
996 3017 1138 3085 omnino
1161 3030 1251 3083 caret
1268 3013 1367 3080 somn
1417 3039 1418 3114 ζ

278 3116 315 3166 et
341 3098 469 3186 specie,
498 3121 571 3166 non
602 3101 772 3170 immerito
802 3103 909 3204 potest
928 3100 1044 3167 vocari
1064 3102 1163 3180 nihil.
1207 3101 1293 3186 Quae
1311 3111 1368 3192 ρῳ·

277 3189 360 3250 neo'
374 3183 560 3250 delulionee
588 3185 647 3250 lux
676 3187 828 3253 veritano
857 3186 1008 3274 expulit,
1049 3187 1089 3249 ab
1119 3205 1191 3250 uno
1218 3181 1367 3274 princpw

278 3263 396 3332 omnio
424 3266 487 3330 effe
506 3269 718 3352 praedicane,
750 3286 786 3336 et
804 3270 856 3336 nil
876 3271 914 3335 in
935 3285 1057 3334 natura
1076 3289 1190 3334 rerum
1209 3261 1367 3359 vifibiltufss

279 3363 316 3414 et
345 3347 565 3416 invisibilium
592 3351 758 3430 inveniri,
795 3371 938 3442 quoquo
964 3354 1068 3421 modo
1095 3349 1366 3439 generationum

276 3430 424 3520 speciem
444 3433 614 3520 propriam
637 3441 922 3586 erumpanbtppiod
941 3435 979 3502 in
1000 3437 1104 3501 verbo
1125 3435 1191 3500 Dei
1208 3421 1365 3516 unigenito

276 3515 491 3582 aeternaliter
520 3539 592 3584 non
622 3520 750 3586 constat
777 3521 815 3585 su
879 3519 947 3600 tui,
983 3517 1021 3583 in
1049 3539 1116 3604 qno
1145 3516 1258 3585 omnia
1275 3523 1364 3574 unum

274 3599 374 3677 sunt,
407 3599 586 3690 ipsumque
606 3606 719 3672 Deum
738 3604 966 3691 pronuntians
986 3603 1117 3668 nullam
1137 3597 1303 3668 materiam
1319 3589 1366 3687 [ω
1416 3635 1417 3688 }

274 3685 410 3752 oausam
430 3685 655 3756 univerlitatio
676 3710 696 3754 a
715 3687 750 3754 le
771 3688 930 3754 conditae
949 3685 987 3750 in
1009 3686 1068 3750 lua
1087 3682 1248 3774 sapientia
1261 3689 1364 3743 extrtn·
1416 3705 1417 3712 ι

275 3767 372 3834 secue
406 3769 583 3857 acecpille,
612 3770 693 3860 quie
721 3787 812 3838 extra
840 3771 938 3837 illum
966 3765 1055 3834 nihil
1077 3769 1139 3848 est,
1171 3767 1225 3834 vel
1243 3763 1321 3830 intra
1337 3751 1364 3814 [θ

275 3853 489 3950 coessentiale
510 3854 571 3922 libi
590 3855 763 3944 reperisse,
787 3858 830 3922 de
850 3874 919 3944 quo
940 3853 1067 3918 faceret
1086 3853 1124 3919 in
1143 3843 1299 3940 sapiemil
1315 3837 1362 3902 lut

276 3953 410 4013 omnia,
433 3955 519 4020 quae
538 3937 614 4006 fieri
633 3939 755 4006 voluit.

277 4097 288 4115 ι
340 4026 391 4097 ²5·
416 4017 566 4087 Proinde
591 4044 665 4089 non
695 4026 794 4090 datur
818 4021 917 4086 loono
937 4016 1070 4100 nihilo,
1097 4039 1165 4086 nec
1184 4029 1286 4087 uuna
1310 4017 1363 4099 ¹¹9⁰

274 4110 366 4168 antra
394 4104 527 4180 Deum;
565 4120 735 4174 ettamen
757 4102 927 4171 denihilo
950 4103 1066 4170 omnia
1087 4101 1217 4179 facille,
1250 4103 1361 4186 nont?

274 4203 404 4254 venum
430 4185 591 4256 creditur.
632 4192 683 4260 Ac
709 4211 772 4282 per
800 4191 869 4258 hoe
887 4182 975 4261 nihil
995 4187 1089 4256 aliud
1110 4189 1209 4260 detur
1225 4175 1360 4257 intell¹s¹¹
