2854 4978
443 263 551 340 tata
574 259 729 336 Partim
768 299 772 306 ·
983 262 985 276 ’
1055 267 1144 377 Ι908

48 465 317 618 iillllplll
337 447 1145 622 'ttlttt‘tt{ttmttl‘ttttlttttt

46 616 96 704 ipfi
125 617 187 680 deo
219 613 296 682 dico
326 617 368 679 ab
397 614 463 680 alio
493 615 601 682 veluti
654 615 803 706 rincipio
832 633 1026 704 praeparata
1047 617 1144 683 tuille

47 703 186 766 locurum
208 713 468 786 temporumque
481 698 610 788 'lpr'tia,
629 641 692 766 ieu
709 700 995 790 qualiumcunque
1011 701 1144 788 quanti·

46 799 141 848 tatum
160 782 443 870 intervallaquae
463 783 521 848 lua
543 784 904 872 diffufioneitnpleret‚
926 785 980 848 vel
995 785 1053 848 luo
1069 807 1143 849 cur·

45 869 281 964 superaugeat,
304 868 360 930 vel
381 865 439 930 lua
463 869 655 934 extenlione
675 868 857 934 solidaret?
892 869 965 932 Nec
987 867 1078 932 enirn
1101 863 1144 932 de
1256 949 1259 955 Ι

43 967 151 1015 natura
179 947 342 1014 meffabili
372 965 474 1037 atque
502 952 538 1014 lu
565 952 763 1017 ereffentiali
788 973 861 1016 non
891 953 997 1016 [olum
1019 951 1142 1026 dicere,

43 1057 150 1099 raum
180 1033 281 1097 etiam
304 1032 471 1120 cogitare,
508 975 662 1124 fallitque
680 1033 983 1123 imaginationibus
1003 1033 1142 1122 fingere,

42 1133 68 1182 et
85 1115 386 1182 ridiculoliffimum
407 1118 452 1183 eli
472 1133 507 1182 et
526 1118 846 1206 periculofiffimum.
878 1119 956 1183 Non
975 1116 1039 1182 alia
1053 1137 1144 1185 mora

42 1199 203 1266 rationalia
226 1200 357 1264 animae
377 1202 510 1288 turpior
528 1207 692 1289 pejorque
712 1204 756 1268 est
777 1223 877 1302 quam
899 1201 978 1266 talia
999 1201 1159 1290 monna

41 1283 325 1382 abominandaque
346 1283 437 1348 idola
459 1289 502 1350 de
524 1303 672 1351 creatore
696 1308 850 1352 omnium
872 1284 1037 1372 cogitare:
1066 1307 1143 1350 curn

41 1367 153 1432 veritae
174 1365 245 1452 ipl'a
260 1387 297 1432 tn
314 1369 543 1433 intellectibue
555 1369 615 1468 pie
630 1367 865 1456 quaerentium
880 1385 915 1434 et
927 1367 1144 1455 diligentium
1272 1419 1274 1428 .
1317 1387 1322 1396 ·

40 1467 214 1516 creatorem
237 1451 332 1515 [uum
353 1450 563 1540 intelligibili
584 1475 671 1518 voce
685 1455 871 1540 proclamet
888 1450 1088 1538 generaliter
1103 1453 1146 1515 de

41 1534 189 1600 omnibus
222 1555 309 1632 quae
338 1535 432 1612 lunt,
469 1551 503 1600 et
532 1558 617 1622 quae
644 1559 716 1602 nora
746 1537 841 1613 lunt,
878 1539 945 1600 hoc
967 1536 1029 1610 att,
1082 1555 1146 1599 uae

40 1619 128 1682 lenlu
147 1617 201 1679 vel
224 1617 401 1681 intellectu
423 1620 668 1706 comprehendi
682 1621 838 1707 poliunt,
860 1635 894 1685 et
910 1639 996 1706 quae
1014 1557 1145 1682 leniunt

39 1704 86 1766 rel
115 1700 328 1765 intellectum
359 1701 535 1788 superant,
590 1725 713 1769 uorum
742 1704 806 1768 elle
828 1703 871 1766 ell
892 1701 987 1767 omni
1008 1701 1145 1766 effentia

39 1781 322 1872 comprehenlibili
344 1805 474 1862 carere;
495 1726 590 1852 nihii
605 1787 698 1851 aliud
711 1786 878 1851 subsistere
893 1802 1026 1873 praeter
1042 1783 1145 1850 uniue

39 1869 133 1934 loliua
154 1867 309 1932 omnium
334 1869 452 1933 caulae
465 1869 781 1958 participationem,
806 1891 908 1936 omne
922 1885 1036 1933 autem
1053 1870 1147 1956 quod

38 1951 267 2038 participatur,
310 1965 344 2014 et
376 1951 672 2050 participationem
701 1953 752 2018 lui
781 1968 816 2017 et
842 1950 1081 2041 participantia
1112 1951 1146 2015 le

37 2035 212 2122 praecedit.
255 2039 348 2099 Deua
382 2035 487 2122 agitur
513 2037 687 2124 praecedit
714 2035 828 2102 omnia
860 2057 1083 2124 quaecunque
1111 2035 1146 2099 le

38 2118 254 2204 participant,
278 2133 313 2182 et
333 2138 478 2203 quorum
501 2121 639 2186 ellantia
648 2119 868 2220 participatio
885 2124 955 2200 ejue
970 2119 1023 2182 est.
1055 2117 1147 2182 Hinc

39 2223 173 2288 magnae
205 2201 384 2284 Dionyliua
414 2202 616 2292 Areopagita
646 2227 682 2269 tn
704 2204 791 2268 libro
815 2208 857 2268 de
879 2201 990 2270 colesti
1013 2202 1145 2267 Hierar·

38 2287 127 2361 chia,
148 2287 215 2349 hoc
237 2286 299 2361 est,
320 2283 543 2430 Fipiecopatu,
567 2303 687 2374 quarto
706 2289 866 2374 capitulo.
909 2290 1073 2360 Primum,
1095 2284 1147 2349 in·

40 2370 126 2456 quit,
156 2371 333 2433 omnium-i
358 2371 533 2434 addicere
554 2393 666 2436 verram
688 2371 755 2461 est,
792 2385 829 2434 vt
850 2369 1000 2436 bonitate
1020 2373 1148 2434 univer·

30 2456 95 2543 Jali
122 2445 410 2546 Japerrffmtt'alis
444 2455 609 2520 diuinitas
642 2480 749 2521 eornm
776 2475 860 2540 qnae
878 2451 963 2547 sunt
985 2451 1147 2547 efferatius

32 2535 230 2629 substituam
251 2539 335 2601 acle
365 2563 382 2600 e
403 2539 559 2603 adduxit.
602 2539 667 2628 Est
688 2545 771 2604 enim
792 2541 854 2602 leoc
874 2542 1014 2604 omnium
1030 2537 1148 2626 earrJae

42 2637 71 2686 et
80 2621 186 2718 saper
205 2626 316 2688 omnia
357 2626 496 2687 enitatis
508 2629 697 2705 proprium,
722 2625 1034 2688 adcommunionem
1045 2621 1147 2711 suam
1179 2697 1182 2708 Ι

41 2729 75 2768 ea
93 2731 175 2792 quae
213 2721 272 2771 unt
291 2729 427 2779 vocare,
450 2721 488 2770 ut
508 2711 679 2792 unicuiqae
699 2729 808 2772 eorum
821 2703 996 2798 quaesunt
1014 2728 1057 2768 ex
1069 2725 1146 2786 pro·

40 2795 110 2872 pria
130 2794 169 2855 di
198 2793 296 2854 'niem
316 2793 414 2857 analo
439 2795 483 2853 ia.
535 2795 656 2858 Omnia
678 2795 784 2873 igitar
802 2794 1016 2873 participant
1038 2789 1150 2870 proui-
1210 2869 1213 2876 r

40 2879 178 2940 dentiam
213 2899 256 2940 ex
276 2815 551 2968 supereſjentmli
582 2889 617 2938 et
637 2869 858 2967 causaliffima
878 2875 1060 2938 diuinitate
1080 2893 1148 2934 ma·

41 2975 175 3025 nantem.
216 2965 295 3024 Nora
326 2964 409 3023 enim
429 2953 534 3048 forte
561 2983 592 3024 as
613 2955 731 3061 efflat,
760 2955 823 3044 nili
845 2979 951 3022 eorum
972 2977 1056 3038 quae
1066 2951 1151 3048 sunt

43 3039 191 3132 efferatiae
220 3058 253 3107 et
280 3047 442 3127 principii
468 3068 489 3106 a
520 3057 698 3126 temptione.
744 3041 940 3130 Eat'slentia
960 3043 1066 3122 igitar
1084 3061 1149 3104 om·

41 3137 92 3190 nia
119 3127 183 3222 effe
207 3131 428 3210 participant.
471 3121 551 3218 Este
573 3132 657 3192 enim
678 3131 818 3191 omnium
843 3125 892 3218 est
903 3119 1075 3220 sapereffe
1097 3124 1149 3186 di·

40 3217 199 3277 vinitatis'.
258 3214 421 3277 Viventio
451 3231 560 3276 autem
591 3213 727 3274 eandem
754 3205 860 3313 [tepet
888 3233 1010 3275 omnem
1042 3211 1149 3272 uitam

40 3297 202 3388 vivificam
227 3299 401 3367 virtutem.
438 3297 654 3370 rationabilia
683 3311 717 3360 et
747 3297 984 3374 intellectualia
1014 3295 1149 3356 eandem

33 3377 131 3467 saper
160 3403 283 3447 omnem
315 3393 350 3442 et
370 3383 530 3445 rationem
554 3395 587 3444 et
609 3383 807 3446 intellectum
827 3375 943 3467 perse
962 3371 1151 3524 perieulum

44 3477 73 3524 et
92 3480 169 3527 ante
189 3456 376 3554 perfectam
389 3463 607 3553 sapientiam.
651 3464 815 3528 Audivilli
837 3461 958 3528 summi
981 3457 1011 3523 T
1038 3459 1150 3546 eologi

45 3545 186 3630 Dionysii
218 3547 438 3634 Areopagitae
454 3547 718 3634 ‘praeclarissimi
750 3551 955 3612 Athenarum
970 3544 1150 3630 Episcopi,

46 3631 81 3692 de
99 3631 360 3718 participatione
381 3629 529 3696 Diuinae
554 3631 708 3696 ellentiae
730 3631 951 3701 sententiam,
975 3649 1041 3712 qua
1060 3647 1152 3714 aper·

47 3712 152 3779 tiffime
180 3714 368 3782 manifestat
398 3715 513 3780 omnia
544 3735 630 3802 quae
660 3714 757 3787 lunt,
789 3728 824 3776 et
878 3731 941 3774 uae
969 3720 1040 3773 non
1062 3710 1151 3782 lunt,

48 3796 122 3862 aihss
147 3800 241 3865 aliud
273 3797 497 3886 intelligenda
516 3814 649 3886 praeter
669 3795 817 3860 Divinae
843 3817 861 3859 e
887 3792 998 3858 entiae
1019 3790 1154 3878 partici-
1236 3851 1241 3860 .

46 3881 230 3966 petionem3
263 3881 276 3946 i
303 3883 369 3947 lam
396 3905 477 3948 vero
509 3879 807 3984 participationem
838 3875 928 3944 nihil
959 3875 1051 3974 aliur}
1091 3875 1154 3940 elle

46 3981 166 4044 praeter
201 3905 353 4048 ejuaiem
386 3965 542 4032 essentiae
578 3960 847 4052 allumptionem.
888 3963 967 4027 Non
989 3983 1080 4026 emm
1101 3959 1154 4026 iu·

46 4047 113 4130 quit
139 4049 279 4120 fortalfia
311 4051 433 4126 client,
469 4049 532 4114 nisa
563 4071 681 4116 eorum
712 4069 798 4134 quae
826 4047 904 4118 lunt
933 4043 1090 4108 elientiae
1119 4057 1153 4106 et

46 4129 196 4222 principii
219 4133 450 4232 allumptione.
493 4133 548 4198 Est
577 4133 683 4222 igitur
702 4129 918 4219 participatio
939 4127 1086 4195 Divinae
1108 4125 1154 4191 el-

48 4211 164 4282 lentiae
180 4219 372 4312 'affumpuo
424 4217 611 4304 Allumptio
630 4237 711 4283 vero
729 4215 779 4306 ‚⁰st
800 4212 983 4302 sapientiae
1004 4209 1151 4278 Divinae
