2854 4978
451 239 562 314 wer
584 237 742 346 TW
1087 233 1166 312 m

46 444 124 495 tare
140 415 263 494 ahur
281 423 328 495 ὥ
343 357 621 513 ἱηῑοὶὶίὲὼῑίω.
661 426 711 492 Μ.
732 424 882 492 Menuda
901 439 1015 492 autem
1034 409 1164 524 sapien·

48 510 102 582 tia
122 525 161 578 ct
175 507 318 578 taicum
338 509 549 576 aeternaliter
569 510 735 576 labfistcre
755 507 935 596 intelligis,
956 524 997 574 ut
1009 511 1162 578 arbitror.
1258 519 1263 531 ’

45 599 96 662 D.
131 593 170 659 oi
197 593 294 659 aliter
323 593 451 669 leutio,
485 593 526 658 ab
557 591 659 680 ipfius
688 591 844 659 monadia
864 614 944 658 vera
965 591 1165 680 cognitione

49 677 187 745 alienun
210 677 292 743 lum.
334 679 383 743 M.
406 679 484 742 Non
506 675 589 742 alios
609 675 709 753 reris,
729 675 931 765 utopinor,
952 675 1165 742 numerosiii

48 763 203 860 monade
229 760 267 826 vi
288 777 324 828 ct
342 760 508 859 potestate
525 761 757 860 (κῖηίὶὶῐιρτρε.Ἰ
771 776 805 829 et
825 759 909 826 alios
929 775 1014 826 actu.
1030 776 1066 824 et
1085 781 1166 908 oper

47 867 88 914 ¹⁰
107 845 1090 996 dametettlltt‘ttlh,zllldfflffltt
1109 844 1167 992 ,li

49 950 113 1078 igi.
157 953 296 1078 Mpmc
317 1011 438 1098 quaeso
459 977 631 1100 quomodo
655 1012 763 1077 aliter.
806 1016 850 1077 D.
873 1015 913 1076 ln
931 973 1077 1077 moiiade
1094 1008 1168 1098 qui·

49 1098 132 1206 dem
151 1093 210 1172 vi,
232 1112 267 1161 et
265 1097 467 1243 ,stem
488 1095 525 1160 in
547 1095 727 1195 generibus
746 1115 849 1173 vero,
871 1111 907 1160 et
926 1095 1054 1195 formis,
1076 1109 1166 1190 acto,

51 1195 88 1246 ‘²‘
108 1200 270 1327 neg-m
289 1179 708 1329 iuliisssniisiliffldli
726 1183 1169 1328 ttmt'sstddttntt

49 1283 251 1446 li'zrssunn
281 1349 357 1446 hoc·
370 1347 431 1419 est,
453 1347 491 1412 in
509 1309 675 1412 monidet
709 1287 989 1423 ubifveiopaam
1012 1360 1169 1438 etopere

53 1430 317 1530 intelliguntur,
344 1429 395 1530 ibi
416 1431 524 1529 factos
538 1431 634 1529 uelle?
659 1433 710 1530 Ρ.
732 1429 886 1530 Nimium
906 1433 1071 1528 accelerare
1080 1477 1089 1505 ,
1101 1449 1170 1527 po-

54 1515 224 1580 dmenum
243 1514 516 1580 ratiocinationis
535 1516 759 1603 ingredienda
780 1515 824 1578 est
842 1535 922 1590 vta,
948 1516 1099 1601 nequid
1117 1535 1170 1580 itu

53 1614 154 1668 ceute
174 1611 368 1684 temereque
387 1597 579 1664 statuamus.
621 1597 720 1663 Prius
740 1595 857 1683 itaque
878 1599 922 1664 est
938 1599 1170 1686 quaerendum

56 1682 142 1769 quid
160 1681 204 1746 fit
224 1680 279 1746 uis
300 1697 335 1746 et
355 1680 440 1768 quid
458 1682 601 1770 potestas
622 1703 842 1748 numerorum
862 1680 900 1748 in
920 1684 1083 1758 monade,
1115 1701 1170 1746 eo-
1248 1700 1255 1710 ·

51 1769 266 1866 rundernque
287 1765 372 1852 quid
391 1765 434 1830 fit
454 1781 567 1841 acciu,
589 1782 624 1832 et
645 1765 729 1865 quid
748 1765 901 1853 operatio
917 1765 956 1830 in
978 1763 1170 1912 qeneributt
1256 1781 1258 1786 '
1374 1745 1378 1754 „

55 1865 91 1915 et
117 1850 251 1914 formis.
291 1851 341 1914 M.
369 1847 427 1914 Vis
456 1849 529 1925 est,
550 1864 593 1912 ut
622 1849 775 1926 aestimo,
811 1846 1031 1914 substantiais
1053 1869 1172 1916 eorum

52 1933 186 2011 virtus,
208 1932 422 1999 aeternaliter
442 1950 478 1998 et
497 1932 754 1998 immutabiliter
768 1934 939 1999 subsistens
952 1933 991 1998 in
1005 1933 1170 2010 monadet
1246 1979 1254 1994 .

52 2017 308 2105 potestantem
338 2017 382 2080 est
408 2016 624 2104 poffibilitat,
658 2018 789 2105 quain
819 2040 944 2104 genera
966 2032 1030 2082 et.
1043 2014 1172 2104 speeies

52 2101 199 2188 poliunt
213 2099 453 2187 multiplicari,
482 2118 517 2167 et
536 2100 766 2168 intellectibus
788 2101 955 2168 manifesti
975 2100 1050 2166 fieri
1072 2097 1173 2165 certis

52 2183 282 2249 terminorum
321 2183 613 2261 distinctionibus,
652 2185 881 2273 quantitatum
913 2182 1171 2259 diversitatibus,¹

50 2265 243 2334 intervallis
265 2265 552 2347 differentiarum,
576 2284 611 2334 et
628 2268 893 2357 proportionum
912 2265 1174 2357 proportionali·

51 2366 232 2440 tutumque
257 2349 406 2418 mirabili
427 2353 650 2442 aequalitate,
687 2368 722 2417 et
743 2352 921 2419 insolubili
938 2351 1172 2419 consonantias

51 2437 159 2501 dctus
186 2435 233 2498 cll
252 2451 368 2500 inatus
391 2438 497 2504 animi
516 2437 777 2526 procedentium
797 2457 1019 2502 numerorum
1038 2459 1088 2503 eu¹
1101 2439 1172 2500 mo·
1255 2498 1261 2508 ,

50 2521 147 2586 uada
170 2516 211 2583 in
242 2517 371 2584 diversa
399 2543 539 2609 genera,
569 2520 823 2620 inquetlpeoies
844 2521 1039 2587 differentes
1059 2517 1175 2586 multi·
1300 2545 1303 2565 ι
1352 2545 1354 2552 v

50 2601 278 2692 plicationem
307 2604 569 2693 contemplantis
601 2604 639 2669 in
670 2605 777 2689 leiplo
808 2619 844 2670 et
873 2603 914 2668 in
934 2603 981 2670 lei
1005 2605 1045 2670 sis
1109 2602 1175 2666 'iis-

51 2707 158 2776 quam
178 2684 217 2752 iu
236 2685 425 2775 phantasias
448 2688 667 2774 cogitationis
685 2687 846 2764 veniant,
868 2690 937 2753 hoc
957 2629 1021 2764 eli,
1075 2693 1078 2704 '
1109 2683 1175 2770 pti·

52 2771 141 2838 citet
168 2767 370 2857 incorporea
398 2788 519 2836 natura
551 2772 646 2836 omni
674 2770 824 2860 imagine
845 2785 982 2835 carente
1001 2767 1175 2857 puriffimo

51 2854 253 2921 intellectus
286 2854 407 2930 oculo,
437 2856 529 2943 ipsos
549 2877 709 2922 numeros
729 2857 828 2943 supra
849 2875 987 2920 ornnem
1008 2849 1176 3002 quantita·

52 2955 147 3014 tem,
163 2953 214 3002 ·et
240 2936 457 3026 qualitatem,
489 2954 526 3004 et
548 2939 643 3016 loca,
676 2954 712 3004 et
739 2955 892 3025 tempora
924 2937 1015 3002 confi
1040 2933 1176 3000 erantia.

53 3027 127 3088 Aut
150 3021 299 3088 breviter
321 3018 503 3099 diffiniam,
539 3037 634 3086 actus
656 3021 701 3087 est
720 3039 836 3089 motus
856 3019 962 3087 animi
982 3017 1175 3108 puriffimos'

52 3105 94 3174 in
121 3103 181 3169 lua
212 3120 333 3173 natura
354 3127 514 3173 numeros
536 3108 662 3192 absque
683 3107 751 3170 ulla
773 3102 1020 3194 imaginatione
1039 3101 1192 3168 intuerit.
1232 3169 1234 3174 ,

55 3190 115 3254 tis.
157 3189 257 3280 Opus
289 3211 371 3256 vero
403 3192 447 3256 est
469 3192 619 3272 ejusdem
641 3190 747 3256 animi
767 3205 882 3256 motus
928 3186 1093 3253 uriffimoa
1110 3207 1177 3250 nu·
1252 3245 1253 3252 ,

53 3274 188 3349 uictos,
220 3293 306 3361 quos
331 3272 369 3338 in
402 3275 509 3363 teipso
531 3276 737 3351 confuderat,
772 3213 954 3368 phantaiis
974 3271 1082 3338 veluti
1105 3267 1202 3368 qui-³

55 3357 203 3422 busdam
231 3358 430 3445 corporibus
459 3359 652 3424 incrallatos
678 3358 862 3424 memoriae
894 3358 1175 3430 commendantrs,

56 3439 177 3526 ibique
208 3451 265 3506 eos
289 3440 478 3508 ordinantis
499 3463 685 3542 eorumque
704 3441 854 3508 rationes
876 3439 1010 3506 facilius
1033 3453 1178 3503 tractan-

58 3522 123 3600 tis,
148 3524 307 3612 foresque
328 3525 530 3612 quibusdam
550 3526 651 3612 signis
668 3525 895 3612 corporalium
910 3524 1066 3588 sensuum
1081 3519 1179 3619 figiti-

53 3607 178 3687 ficator
208 3607 247 3675 iu
276 3607 418 3675 aliorum
448 3607 608 3674 notitiam
639 3607 811 3673 tradentis.
853 3611 900 3671 Et
928 3626 1052 3670 neme
1074 3601 1179 3667 exilii·

58 3711 130 3758 mes
143 3693 240 3758 ¹uelle
260 3691 416 3768 suadete,
437 3690 530 3792 ipsos
551 3712 710 3756 numeros
731 3693 771 3755 ab
786 3690 965 3756 intellectu
978 3685 1180 3752 velitatione

59 3774 283 3862 multiplicari
303 3791 339 3840 et
358 3797 484 3852 creari,
508 3791 543 3840 et
562 3796 634 3840 non
656 3777 697 3839 ab
717 3774 792 3860 ipso
813 3771 975 3840 omnium·
987 3768 1178 3844 conditore,

62 3858 346 3945 multiplicatore,
377 3857 582 3926 ordinatore.
620 3858 656 3923 si
678 3857 770 3922 enim
793 3859 833 3926 ab
854 3859 926 3922 ullo
947 3869 1066 3923 creato
1080 3853 1180 3918 intel·

61 3943 154 4008 lactu
179 3942 504 4030 multiplicationem
533 3943 625 4007 [uam
646 3939 782 4007 numeri
826 3940 950 4008 rimtmi
969 3946 1177 4027 paterentur,
1307 3949 1313 3965 ·

62 4045 134 4092 nou
166 4025 217 4091 eis
247 4025 366 4094 divina
393 4041 429 4099 et
454 4024 636 4092 ineffabilis
668 3965 924 4090 immutabilitas
945 4039 981 4090 et
1000 4017 1180 4088 harmonia

62 4109 236 4176 rationum
262 4107 397 4189 inellet,
433 4110 580 4199 proinde
611 4117 683 4174 non
713 4106 793 4176 ideo
813 4108 1006 4176 intellectus
1026 4105 1179 4172 intellec·

65 4195 174 4264 tuales
189 4213 353 4265 umeros
372 4212 485 4266 croam
505 4195 679 4282 putandus
698 4191 764 4272 eli,
791 4192 871 4283 quia
891 4191 929 4260 in
951 4189 1077 4280 seipsos
1096 4203 1179 4256 com
