2930 4982
485 167 604 300 flato
625 177 788 314 manbre.
1121 221 1196 312 491

84 408 194 478 tota‘m
213 410 459 481 humanitatem
480 413 587 478 verbo
610 406 729 480 diuino
750 413 964 499 asumptum,
988 408 1032 476 ac'
1050 433 1110 498 per
1129 415 1197 478 boc
1226 423 1259 468 ν.

82 495 122 562 in
145 495 220 582 ipsc
241 497 433 564 salvandam
452 495 598 565 naturali
617 495 870 562 resurrectionis
891 495 1018 560 virtute
1040 517 1196 581 coopera-

82 579 188 652 trice.
210 599 298 666 ‘imo
319 581 448 648 nullam
468 583 623 649 naturam
644 580 754 666 perire
775 577 872 654 finit,
896 599 1008 664 neque
1029 593 1194 666 perpetuo

109 660 201 730 uniri
225 664 359 739 dixerut
393 661 480 748 quid
498 663 562 740 erit
583 665 676 750 quod
696 679 851 729 aeternae
873 660 1083 728 damnationi
1105 661 1196 726 attri-

82 685 232 810 buatur?
262 746 478 834 Divinaequc
506 745 689 834 scripturae
716 743 910 812 auctoritati
937 746 1083 810 rafistere
1102 744 1196 812 uide-

81 833 163 903 bor,
196 851 282 916 quae
311 830 549 897 incunctanter
584 829 727 912 diabol-o,
745 827 981 915 omnibusque
1002 833 1073 908 ejua
1094 849 1224 894 mem-t

77 911 169 986 bria,
191 929 325 994 aeterna
347 907 687 1000 tormentamiriiiiir'
706 915 768 977 esse
792 911 915 976 sutuia.
945 910 981 974 si
1003 928 1115 976 autem
1138 934 1195 974 ne-
1221 889 1232 962 i

81 1017 152 1082 que
190 1011 295 1062 totam
326 996 572 1064 humanitatem
608 997 778 1064 aCbristo
799 997 994 1081 assumptam
1017 1011 1118 1080 atque
1140 996 1198 1060 sas·
1303 1075 1305 1080 Ι

82 1081 247 1153 modam,
270 1101 313 1146 uc
338 1103 381 1146 ue
401 1079 545 1146 naturali
564 1079 817 1147 resurrectionis
839 1079 965 1142 virtute
988 1094 1093 1148 totam
1115 1077 1196 1144 libe·

6 1215 7 1224 ,
82 1165 243 1238 nudam,
278 1103 336 1228 sei
356 1162 569 1251 expertein
592 1160 727 1232 diuinae
748 1160 906 1249 imaginis
928 1161 1128 1260 dignitatem
1149 1183 1198 1226 re·
1305 1198 1308 1208 ·

83 1244 255 1320 (lituram,
279 1269 318 1312 ex
342 1264 438 1334 parte
458 1248 494 1312 in
517 1259 652 1316 aeterna
673 1245 862 1315 calamitate
883 1261 1050 1331 captivam
1068 1265 1198 1310 reman-

83 1329 194 1394 suram
230 1331 398 1416 docuer03
437 1353 554 1398 nonne
585 1330 758 1396 confestim
790 1351 869 1394 vera
897 1326 983 1396 ratio
1015 1327 1199 1426 divinaque

83 1413 182 1478 simul
213 1413 393 1480 auctoritati
414 1436 469 1479 me
490 1413 692 1501 redarguett
727 1413 826 1480 Ratio
849 1411 977 1510 quippe
998 1409 1200 1486 evidenttffi·

83 1517 153 1560 me·
170 1500 288 1572 docet,
318 1497 368 1562 atil
400 1495 546 1564 bonitati
573 1519 719 1584 vereque
743 1494 949 1562 beatitudini
972 1517 1011 1560 ex
1034 1495 1198 1562 diametro
1242 1545 1245 1550 .

83 1579 292 1648 contrarium
314 1596 478 1667 perpetuu
501 1581 565 1646 else
586 1582 687 1668 posse.
716 1579 859 1648 Bonitaa
880 1579 972 1656 enim
994 1577 1200 1646 circumseri·

82 1663 136 1728 bit
156 1662 318 1728 malitiam
365 1663 544 1751 enituaque
565 1663 754 1741 consumit,
776 1662 926 1731 similiter
948 1661 1019 1727 vita
1040 1677 1195 1738 mortem,

81 1745 260 1812 beatitudo
290 1687 475 1823 miseriam,
503 1746 612 1812 virtut
641 1747 726 1814 vitia
757 1763 1037 1833 mortuorumque
1073 1745 1197 1820 causac,

83 1845 283 1916 caeteraque
311 1829 348 1894 id
377 1853 494 1916 genua.
536 1834 575 1896 ln
606 1834 670 1896 hac
697 1830 769 1896 acic
789 1831 881 1898 inter
900 1833 984 1894 haec
1005 1831 1070 1894 tela
1091 1829 1198 1895 veluti

84 1934 129 1978 ex
149 1927 294 1999 utroque
314 1915 417 1978 latere
440 1913 610 1989 consume,
635 1913 794 2000 ignorant
817 1935 885 2001 quo
907 1915 1043 1978 tendam
1066 1912 1196 1999 etquid

82 1996 201 2083 potius
222 1997 362 2082 sequar,
386 1996 504 2064 anuiua
524 1998 681 2080 consisto,
703 2020 774 2064 non
797 1997 888 2062 enim
910 1995 995 2062 levia
1016 1997 1199 2063 considera·

84 2078 136 2144 tio
166 2079 226 2154 est,
258 2102 366 2148 unum
397 2103 443 2146 ex·
469 2083 601 2146 duobua
631 2081 772 2167 eligere,
808 2095 865 2144 aut
899 2097 1050 2145 aeternat
1071 2101 1199 2178 poenae

83 2163 270 2249 impiorum
293 2165 489 2249 angelorum
512 2180 547 2226 et
565 2165 744 2232 bominum
768 2165 946 2236 destruere,
971 2180 1031 2227 aut
1046 2162 1198 2227 arvinam

86 2247 276 2312 bonitatem
297 2263 346 2330 'et
366 2246 632 2322 beatitudinem,
668 2249 820 2332 absorpta
844 2247 937 2312 omni
959 2245 1086 2312 malitia
1106 2245 1202 2312 mise·

82 2331 222 2428 riaque,
256 2351 328 2394 non
357 2329 485 2426 ubique
516 2329 677 2396 inomni
713 2347 861 2408 creatura
883 2347 1107 2415 regnaturam.
1150 2333 1200 2395 M.

82 2415 224 2480 Patrona
247 2411 331 2490 estut
354 2415 462 2484 aderit
481 2413 541 2476 lux
561 2413 749 2490 mentium,
772 2435 857 2498 quae
878 2411 1051 2478 illuminat
1061 2417 1200 2494 abscon·

86 2495 161 2562 dita
180 2499 414 2576 tenebrarum,
437 2495 546 2582 aperit
566 2495 723 2572 abstrusa,
747 2495 924 2582 incognita
943 2498 1099 2574 revelat„
1114 2497 1151 2562 su
1175 2496 1200 2562 i·

86 2581 158 2644 tiva
178 2568 335 2655 revocat,
356 2578 647 2666 incircumscripta
664 2577 926 2654 circumscribit,
949 2577 1129 2644 indefinita
1146 2520 1174 2644 ri

85 2663 190 2739 finit,
212 2663 370 2762 ambigua
391 2667 435 2728 ad
455 2679 581 2728 certam
601 2665 852 2749 quodammodo
872 2661 1073 2726 sententiam
1097 2662 1201 2727 addu-

87 2747 148 2812 cit.
189 2750 238 2812 Ac
265 2769 412 2833 prrmum
442 2745 578 2833 quidem
610 2744 832 2832 contemplari
854 2759 989 2832 oportet
1009 2743 1093 2830 quid
1113 2744 1203 2810 inter

87 2852 155 2896 noa
182 2832 377 2898 consectum
398 2830 503 2916 inque
523 2829 753 2896 inconcussam
775 2828 1010 2896 definitionem
1033 2827 1201 2914 pervenit,

87 2913 173 3002 quid
202 2917 313 2980 adhuc
342 2913 380 2978 in
407 2913 587 2980 fluctuanti
611 2912 854 2980 deliberatione
877 2912 1017 2986 aestuat,
1057 2909 1141 3010 quid
1162 2913 1205 2978 de

87 3013 203 3064 cetero
225 2999 455 3084 quaerendum
476 2995 525 3061 fit
566 3002 610 3064 D.
633 2999 711 3062 Non
734 2996 832 3062 aliam
854 3011 1049 3060 naturarum
1067 2985 1202 3083 inquiss-
1273 3011 1278 3032 ⁴

89 3081 221 3146 tionem
243 3079 330 3144 ratio
354 3079 470 3166 exigit.
519 3083 568 3145 M.
599 3083 710 3146 Multa
733 3079 871 3146 definita
892 3077 1205 3165 rationabiliterque

89 3181 223 3249 reperta
244 3165 281 3228 in
306 3180 362 3228 tua
387 3163 603 3230 deliberativa
621 3162 751 3231 theoria
768 3161 946 3250 perspicio,
970 3162 1203 3260 sedquoniam

89 3251 204 3312 adhuc
231 3247 339 3312 veluti
364 3246 401 3312 in
425 3249 584 3335 ambiguo
607 3249 730 3335 postte,
762 3263 802 3312 ut
823 3263 860 3311 tu
882 3247 952 3333 ipse
973 3247 1105 3322 saterra,
1141 3245 1204 3311 tibi

86 3331 266 3406 videntur;
290 3333 507 3403 necessarium
529 3331 671 3404 arbitror
692 3355 732 3396 ea
751 3346 902 3416 repetere
923 3331 959 3396 iu
983 3329 1106 3418 quibua
1126 3331 1205 3395 titu-

87 3419 171 3479 bare
207 3413 349 3491 viderit,
381 3429 420 3478 ut
441 3415 562 3480 sedatio
583 3415 775 3482 animorum
796 3414 975 3488 fluctibus,
1008 3413 1138 3478 firmam
1162 3417 1204 3478 de

4 3565 5 3570 ,
87 3498 165 3570 bie,
189 3519 274 3585 quae
293 3497 384 3563 inter
403 3520 467 3564 noa
488 3499 701 3584 quaerimur,
724 3498 890 3585 proferam
914 3497 1137 3572 sententiam3
1160 3518 1205 3564 ne

90 3581 223 3649 dictiue
253 3581 485 3669 amphibologi
515 3581 709 3658 videamur,
741 3580 792 3646 nil
815 3582 857 3646 ad
878 3601 1001 3666 purum
1025 3579 1207 3644 diacutien·

87 3684 154 3730 tea.
197 3669 239 3730 D.
263 3671 312 3730 sta
333 3665 402 3732 stat.
443 3667 493 3730 M.
517 3665 646 3730 Divino
668 3663 782 3731 animo
806 3663 921 3730 omnia
943 3661 1113 3730 contineri
1132 3665 1205 3728 nul·

86 3753 143 3814 lua
163 3765 256 3814 recte
277 3765 413 3814 naturae
433 3769 546 3814 rerum
566 3747 762 3836 intelligent
785 3747 928 3814 dubitat.
972 3751 1016 3810 D.
1037 3743 1130 3810 Hinc
1146 3749 1206 3812 du·

86 3832 198 3900 bitare
225 3831 426 3909 ridiculum,
462 3835 545 3898 dum
578 3851 697 3898 omnea
727 3831 895 3919 sapientes
922 3831 1019 3896 nullo
1041 3831 1143 3896 modo
1168 3827 1206 3895 in

87 3921 168 3982 boc,
182 3914 398 3994 dissentiunt,
424 3915 602 3982 audientes
622 3917 649 3980 A
675 3915 816 3981 ctutum
838 3915 1032 3980 dicentemt
1054 3917 1112 3980 Eu
1134 3913 1208 4006 ipso

87 3994 332 4094 acutat-ipsum
354 4015 388 4065 ac
408 4000 536 4091 inipso
556 4014 590 4066 ec
676 3994 780 4088 ipsum
781 4002 867 4090 fient
879 4003 997 4066 omnia.
1026 3998 1207 4082 Dionysius
1301 4035 1305 4047 =

88 4084 293 4172 Areopagita
321 4085 470 4172 capituto
503 4083 645 4172 septimo
668 4085 711 4148 de
730 4085 867 4152 Divinis
888 4083 1112 4164 Nominibus,
1143 4107 1207 4148 om-

89 4173 178 4246 nir,
196 4163 325 4254 iuquit,
363 4172 466 4236 urrimi
487 4170 684 4246 roratiottt't
707 4183 742 4236 ct
753 4163 872 4265 sensus
894 4172 999 4236 otonis
1020 4169 1136 4236 divina
1152 4163 1205 4257 [a-
