2856 4978
391 173 392 179 i
442 231 551 304 tuter
572 233 737 320 Qrurltu.
830 241 834 250 ’
1019 165 1024 182 ·
1067 231 1142 310 313,

59 417 124 484 titio
151 416 249 484 totius
269 415 361 485 vitae
381 439 422 487 co
464 417 513 484 ori
525 417 763 494 adhaerentia,
781 415 986 505 animalque
1005 435 1142 504 perco-

57 504 155 590 pulam
183 505 224 568 ad
252 521 373 589 corpua
402 525 419 566 e
457 503 577 568 cientia
600 504 658 584 (eil
679 502 770 568 enim
792 501 915 566 animal
936 497 1086 586 corporia
1108 513 1143 564 et

60 583 176 649 animae
194 585 372 668 connexio)
402 587 570 674 triplicem
590 603 723 653 motum
743 585 898 650 infinuat.
941 583 1143 670 Etaquidem

57 669 202 733 ternarius
222 668 278 734 ille
298 685 412 734 mutua
433 670 468 735 in
490 669 631 736 homine
653 671 740 744 solo,
764 667 822 756 qui
841 668 928 732 solua
943 665 1143 732 rationabile

57 751 179 827 animal,
199 752 420 840 intelligitur:
441 756 603 853 quosdam
628 753 764 840 quidem
786 767 898 816 motus
920 751 995 814 luoa
1017 745 1143 816 rationi

54 834 188 899 lubditoa
218 838 364 910 liabent,
402 857 461 924 qur
481 843 708 918 jumentorum
730 835 788 899 seu
810 835 1064 922 quadrupedum
1085 851 1144 896 vo·

55 919 159 982 cabulo
180 918 356 1007 fignificari
377 921 553 986 videnturr
576 920 671 986 verbi
693 917 818 1019 gratia,
841 932 957 982 movet
980 915 1144 1003 quinque-

54 1000 197 1146 pertitum
228 1002 377 1090 corporia
412 1005 541 1069 sensum
576 997 832 1102 disciplinaliter
850 1001 887 1066 in
910 997 1144 1086 cognitionem

66 1083 237 1150 enfibilium
258 1107 370 1150 rerum
391 1087 504 1152 solerti
527 1111 639 1154 earum
659 1083 906 1171 intelligentiae
926 1081 1051 1147 studiat
1084 1079 1144 1178 qui
1251 1102 1254 1112 ·

53 1181 150 1232 notua
183 1190 253 1234 non
274 1169 549 1235 irrationabiliter
569 1176 759 1251 jumentum
783 1166 926 1233 dicitur:
959 1187 1030 1231 non
1053 1187 1144 1236 enam

52 1271 176 1336 parrum
206 1253 410 1332 adjutorium
445 1255 638 1320 rationabili
670 1252 801 1318 animae
829 1250 969 1338 praestat
1001 1251 1042 1312 ad
1065 1269 1145 1312 con·
1241 1263 1244 1270 ’

55 1335 291 1420 templationem
313 1338 465 1402 ueritatis
486 1339 690 1407 senfibilium
713 1335 885 1408 omnium,
920 1347 1042 1398 cuneta
1063 1331 1167 1394 falfi:
1222 1347 1228 1417 j

53 1431 110 1480 tate
135 1436 282 1494 remota,
324 1441 404 1485 uera
433 1422 624 1508 finceraque
650 1419 783 1486 notitia.
839 1419 893 1480 Est
921 1415 1022 1480 etiam
1056 1413 1145 1501 quali

9 1519 10 1524 ¹
55 1505 205 1644 quoddam
240 1507 432 1592 quadrupes
461 1521 575 1570 motus
604 1507 758 1570 sensuum
780 1501 973 1570 subditione
991 1497 1144 1564 rationia.

74 1583 211 1668 iquidem
232 1607 334 1652 omne
356 1591 448 1675 quod
468 1611 528 1675 per
551 1591 681 1660 lenium
699 1583 1011 1674 cognoscimua,lin
1026 1597 1146 1668 natura

54 1666 237 1735 sensibilium
259 1693 371 1735 rerum
395 1673 457 1746 (τῆς
480 1676 547 1737 hoc
561 1673 623 1747 est,
647 1687 843 1758 arquatuor
857 1666 1042 1734 Elementia
1056 1687 1145 1730 com·

73 1753 197 1830 ofitum,
218 1769 289 1818 aut
318 1754 448 1852 inipso
472 1759 656 1845 compofito
679 1755 905 1822 constitutum.
947 1753 1019 1838 Age
1041 1749 1143 1822 enim.

53 1771 285 1936 icorporaam
312 1839 457 1924 speciem
489 1841 669 1927 aspexeris,
709 1839 720 1902 i
747 1840 779 1902 la
809 1834 934 1924 species
963 1834 999 1898 in
1033 1832 1162 1918 aliqua·

53 1935 174 1985 materia
203 1944 244 1986 ex
274 1921 491 2010 qualitatibus
520 1941 664 2010 quatuor
690 1864 945 1987 Eiimentorum
966 1916 1146 1984 constituta

53 2001 96 2064 cib
135 2005 167 2068 Si
190 2005 311 2070 sonum
332 2006 399 2070 seu
413 2010 550 2071 odorem
572 2007 728 2082 senseris,
751 2029 791 2074 er
813 2011 886 2070 altre
908 2017 1053 2090 quatuor
1071 2000 1147 2063 Ele·
1218 2028 1224 2052 ι

31 2106 34 2118 ’
52 2088 157 2152 mentia
171 2089 376 2176 compofito‚
399 2089 557 2167 similiter,
580 2093 749 2178 srgullum
766 2093 824 2154 seu
841 2103 979 2160 tactum,
1003 2107 1043 2150 ex
1056 2104 1146 2149 com·
1243 2137 1245 2142 .

53 2169 250 2264 pactionibus
274 2193 378 2258 aquae
400 2187 572 2260 terraeque
593 2175 746 2241 accidere
765 2195 836 2240 non
859 2169 1039 2240 dubitabit.
1066 2169 1147 2232 Non
1211 2213 1230 2238 sa

52 2255 203 2320 immerito
225 2256 332 2342 igitur
354 2277 533 2344 corporeus
555 2261 690 2334 senius,
716 2257 981 2342 Quadrupedum
1002 2253 1146 2318 vocabu·

9 2381 10 2384 κ
51 2334 127 2414 lum,
159 2340 309 2426 accepit;
341 2343 500 2426 quoniam
532 2364 632 2407 omne
653 2345 745 2429 quod
766 2342 884 2415 sentit,
915 2359 985 2402 uon
1009 2335 1147 2407 aliunde

51 2417 102 2482 niti
122 2443 158 2485 ex
179 2439 324 2510 quatuor
344 2427 529 2489 Elementia
552 2425 718 2512 originem
742 2427 855 2502 ducit3
881 2423 1043 2520 quaedam
1064 2437 1145 2482 reto

52 2521 85 2563 ex
108 2504 258 2572 inferiori
287 2523 406 2572 natura
425 2511 598 2594 sumptos,
630 2525 722 2573 recte
744 2508 866 2573 dixerit
888 2503 1145 2575 arrationabilea,

52 2585 106 2649 boc
127 2591 184 2664 est,
210 2589 339 2654 rationi
361 2593 560 2668 resistentes,
592 2608 632 2655 ut
653 2593 697 2656 est
717 2592 811 2659 furor
834 2606 867 2654 et
888 2588 1073 2674 cupiditas,
1095 2585 1146 2648 in·

53 2669 251 2759 ordinatique
273 2675 498 2760 corporalium
521 2675 674 2740 sensuum
697 2675 878 2762 appetitus,
900 2672 937 2738 in
954 2671 1146 2766 abufionerq
1226 2713 1232 2728 .

52 2753 214 2822 attributor
243 2758 450 2823 lenlibilibua
481 2759 652 2824 creaturis.
694 2763 740 2823 Et
769 2755 929 2844 quoniam
951 2753 1147 2834 hujusmodi

50 2851 146 2902 motus
168 2862 208 2906 ex
227 2841 521 2907 irrationabilibua
542 2842 742 2908 animalibus
759 2846 927 2906 humanae
940 2853 1079 2905 naturae
1096 2833 1147 2898 in·

50 2915 115 2986 ferti
143 2923 235 2999 lunt,
273 2945 355 2988 non·
372 2925 561 3013 incongrue
580 2925 755 2990 bestiarum
779 2921 1005 3024 appellatione
1027 2917 1148 3016 fignili·

48 3019 169 3068 cantur:
205 3007 401 3096 praesertim
433 3031 512 3076 cum
541 3011 639 3096 [uper
669 3007 925 3075 rationabilibua
957 3003 1147 3100 disciplima

48 3085 188 3153 reluctari
217 3111 290 3155 non
321 3093 488 3166 desinant,
523 3108 556 3156 at
586 3107 645 3156 aut
664 3094 721 3156 vix
742 3108 801 3158 aut
820 3101 995 3177 nunquam
1018 3094 1147 3156 domarl

49 3167 81 3264 ab
108 3171 152 3235 eia
172 3173 314 3259 poffint;
347 3190 526 3262 motuaque
548 3177 766 3242 rationabiles
786 3176 891 3242 feroci
913 3175 1045 3260 impetu
1067 3169 1148 3238 dila·

49 3270 130 3316 mare
153 3256 282 3344 semper
304 3276 474 3344 appetant.
526 3261 615 3324 Sunt
635 3278 805 3347 praeterea
826 3260 862 3324 in
890 3259 1026 3324 animali
1048 3253 1148 3322 ratio·

49 3335 140 3400 nabili
162 3341 289 3406 occulti
312 3342 447 3425 quidam
470 3360 602 3419 motus,
633 3345 755 3430 quibua
778 3343 921 3408 maxime
943 3365 1065 3430 corpua
1088 3334 1147 3404 fibi

48 3424 257 3498 conjunctum
281 3424 577 3500 administrabat
605 3428 682 3492 sunt
710 3428 747 3493 in
778 3427 886 3492 activa
917 3442 950 3490 et
983 3424 1148 3492 nutritiva

47 3517 129 3640 parte
150 3507 282 3570 animae
304 3509 513 3574 constitutae.
551 3511 620 3596 Qui
642 3510 802 3596 quoniam
821 3510 970 3575 naturali
985 3507 1167 3572 facilitate

60 3601 279 3677 {laperagunt
300 3591 426 3665 officia,
451 3601 485 3655 et
506 3594 594 3689 quasi
610 3595 772 3678 latente13
796 3594 874 3680 quia
887 3591 1021 3657 animae
1037 3591 1149 3654 inten-

47 3675 179 3758 bouem,
201 3675 298 3739 nullo
320 3679 422 3740 modo
444 3675 627 3752 lollmitant
644 3693 744 3763 atquo
784 3679 971 3740 erturbant:
996 3675 1148 3739 litamen

48 3753 209 3839 integritas
226 3773 366 3822 naturae
382 3758 565 3826 incolumia
579 3757 737 3834 extiterit,
753 3701 860 3826 iilenti
873 3759 1018 3845 quodam
1033 3770 1149 3824 meatu

49 3840 243 3919 corporalem
264 3843 473 3906 harmoniam
497 3857 734 3928 penetrantes,
758 3865 794 3906 re
821 3842 937 3906 tilium
954 3839 1149 3928 appellatio·

47 3933 133 3994 nem,
163 3943 235 3988 non
265 3923 540 3990 irrationabiliter
570 3945 741 3991 meruere:
810 3925 929 3990 ueteris
956 3948 1039 3992 vero
1070 3920 1149 3988 Ani·

48 4001 198 4081 malibus,
261 4025 368 4072 raeter
397 4009 503 4074 solum
534 4007 727 4084 hominem,
761 4029 801 4072 cx
830 4008 936 4074 tribua
961 4004 1147 4109 praedict'e

47 4083 202 4177 tuotibue,
233 4029 302 4156 duo
324 4107 457 4158 tantum
477 4093 612 4179 inlunt3
631 4100 731 4158 'unua
749 4090 891 4180 quidem
911 4115 971 4182 qur
992 4093 1030 4158 iu
1052 4029 1132 4156 leni

46 4159 160 4235 btlrbua
190 4171 236 4238 est
262 4174 407 4264 proprie*
428 4175 571 4256 rationia
593 4175 760 4265 regimine
779 4197 918 4254 camna,
950 4198 990 4244 ac
1009 4177 1152 4266 proptet'

896 4285 912 4310 M
