2942 4976
289 202 378 288 'ees
601 218 683 288 ὐε
701 173 886 288 nentem
904 215 1082 308 ΝΜ.

291 401 457 469 olivarum
477 399 653 501 discipulie
674 399 902 492 prophetavit.
926 399 1280 470 ¹Surrectio‘ornnitnn
1300 403 1405 492 virgi·

290 507 375 553 num
397 501 687 576 regenerationem
709 483 1404 588 totiuahumanigeneriepraeit'git.1’ru·
1446 533 1450 544 ·

228 649 231 656 ἱ
291 573 412 636 denter
430 567 580 658 virginer
601 561 772 658 lampadae
795 572 886 650 suaa,
913 568 1129 639 rationabiles·
1150 570 1313 636 ridelacet
1332 591 1405 638 mo·

291 667 363 728 tua,
394 655 505 718 bonae
536 651 679 720 actionie
709 654 940 754 pinguedine,
972 675 1144 743 puraeque
1171 654 1404 721 conscientiae

289 733 440 803 claritate
463 753 646 813 exornant3
672 741 795 826 quibua
818 741 970 814 duobus,
995 754 1072 808 actu
1091 735 1172 803 dico
1195 753 1229 803 et
1249 736 1403 814 scientia,

289 821 403 885 fatuae
431 819 582 909 virginee
616 827 741 888 carent'.
788 823 891 908 Quod
912 835 1022 886 autem
1044 823 1228 908 pr'u'dcntea
1251 819 1403 908 virginee

290 905 333 970 dc
355 905 431 989 oleo
452 905 511 970 luo
534 903 635 970 fatuit
653 905 843 995 virginibus
857 905 1225 994 impertiri-abnegant,
1247 904 1297 970 nil
1308 905 1403 970 aliud

289 985 517 1063 verifimiliue,
540 1002 579 1076 ut
601 988 743 1075 opinor,
767 989 883 1078 typice
903 989 1117 1064 con-format„
1133 1011 1232 1090 quam
1254 991 1405 1078 pruden-

287 1087 340 1136 tea
363 1071 508 1148 animae,
521 1072 656 1158 'quibua
677 1073 758 1137 vilia
780 1092 814 1138 et
834 1095 906 1139 non
928 1071 1126 1138 sufficientia
1146 1094 1183 1139 tu
1207 1072 1263 1137 illa
1282 1071 1338 1137 die
1351 1073 1407 1136 in·

287 1155 490 1232 tellectuali,
513 1153 550 1219 in
573 1177 637 1242 qua
654 1156 889 1248 unuequieque
905 1154 1073 1246 profunda
1085 1155 1312 1222 conscientiae
1325 1155 1407 1220 luae

287 1238 443 1312 rimabit,
481 1237 600 1304 merita
622 1243 851 1330 apparebunt,
888 1229 1108 1327 aetem'aeque
1129 1239 1284 1308 felicitati
1306 1240 1406 1304 nullo

234 1363 235 1368 κ
286 1323 391 1390 modo
414 1325 659 1410 comparanda,
682 1325 766 1390 licut
786 1325 835 1390 ait
854 1325 1050 1411 Apostolus:
1072 1327 1150 1390 Non
1160 1317 1247 1416 sunt
1268 1324 1405 1406 condig-

287 1427 351 1473 nae
380 1401 543 1500 paffiones
570 1409 665 1498 btq'us
698 1413 859 1493 temporis
877 1410 932 1492 ,aa
958 1403 1230 1500 superventuram
1250 1409 1405 1491 glorium.

288 1489 373 1574 qliae
392 1493 593 1558 revelabitur
614 1497 648 1556 in
669 1494 773 1559 nobis.
791 1519 795 1528 ·
816 1493 909 1558 Hinc
930 1492 1088 1558 dominus
1101 1492 1191 1579 ipie3
1212 1491 1407 1556 bectiPcu·

286 1595 400 1660 peres,
421 1574 715 1678 inquit,fitiritu,
738 1580 804 1642 hoc
826 1577 870 1642 est
890 1573 997 1652 beati,
1021 1573 1079 1664 qui
1102 1591 1137 1641 et
1153 1575 1407 1674 ieiploe'etme·

287 1659 353 1725 rita
374 1659 431 1724 lua
452 1683 514 1748 pro
539 1661 649 1728 mhilo
672 1663 828 1738 ducunt,
850 1677 883 1726 et
905 1659 1045 1727 omnino
1067 1660 1101 1723 le
1121 1657 1158 1723 in
1182 1657 1313 1726 dtvitiit
1334 1655 1406 1722 vir·

259 1819 262 1827 V
287 1758 407 1808 tutum·
427 1765 550 1830 egenoa
572 1743 748 1827 judicant;
776 1749 927 1832 quoniam
948 1739 1089 1834 ipsorum
1112 1741 1161 1833 est
1180 1765 1312 1828 regnum
1333 1763 1407 1808 eoe-

285 1827 398 1894 lorum.
440 1828 588 1916 Ideoque
621 1827 771 1895 dicturae
800 1832 876 1896 sunt
906 1827 1100 1916 petentibus
1128 1827 1202 1892 aie
1224 1825 1402 1902 auxilium,

289 1903 442 2004 neforto
460 1935 523 1978 tum
534 1907 686 2010 sufficiet
704 1914 799 1981 nobis
820 1928 854 1979 et
873 1914 980 1980 vobin
1022 1912 1125 1998 Quod
1147 1910 1278 2002 duplici
1297 1913 1405 1976 modo

286 1993 435 2084 intelligi
466 1997 593 2084 potestt
622 2013 681 2062 aut
702 1998 793 2065 enim
815 1995 973 2098 negative
996 1995 1138 2084 ponitur
1158 2016 1204 2060 ne
1225 2009 1260 2059 et
1279 1996 1406 2081 produ·

286 2076 395 2155 citur,
425 2096 484 2168 aut
512 2080 706 2146 haefitative
737 2099 771 2146 et
791 2082 988 2170 compitum
1021 2081 1104 2149 ficut
1125 2075 1161 2143 in
1183 2077 1271 2143 libro
1294 2079 1403 2143 Gene-

286 2161 381 2227 lece:
402 2167 458 2227 Ne
469 2155 571 2254 forte
591 2168 902 2232 excaldatmanum
915 2163 1037 2258 suam,
1060 2177 1095 2228 et
1104 2154 1224 2266 sumat
1247 2161 1398 2260 deligito

286 2248 399 2322 vitan
427 2261 460 2311 et
490 2271 535 2314 ne
558 2248 644 2315 forte
665 2251 862 2316 viderentur
905 2251 1026 2314 uadem
1048 2246 1180 2312 invidia
1201 2258 1401 2311 mentorum

210 2403 215 2409 ,
285 2330 422 2395 luorum
443 2347 676 2420 paupertatem
698 2333 864 2421 impertiri
885 2273 988 2397 iacuit
1009 2330 1168 2405 noluille,
1195 2332 1281 2394 abne
1324 2343 1404 2392 ntea

288 2415 420 2490 oleum,
444 2418 526 2481 dant
548 2418 741 2494 confilium,
764 2420 1025 2504 respondentes,
1059 2419 1108 2478 ite
1126 2417 1239 2498 potius
1323 2435 1404 2476 ven-

287 2498 419 2573 dentes,
443 2514 476 2563 et
498 2505 594 2566 emite
614 2503 728 2578 vobim
750 2505 817 2566 hoc
838 2501 882 2564 ett
905 2499 952 2564 ite
974 2502 1016 2564 ad
1038 2520 1106 2574 eoa,
1130 2497 1189 2586 qui
1207 2495 1403 2562 eximietate

285 2595 322 2644 et
350 2582 522 2648 affluentia
552 2586 687 2651 luorum
718 2585 916 2650 meritorum
940 2603 1010 2647 non
1034 2583 1141 2647 solum
1162 2579 1293 2646 sibimet
1312 2579 1404 2644 suffi-

286 2663 401 2742 ciunt,
426 2689 543 2732 verum
565 2668 666 2734 etiam
687 2669 758 2744 hia,
783 2667 841 2756 qui
864 2689 922 2732 eoa
943 2666 980 2731 in
1002 2669 1066 2732 hac
1089 2663 1159 2729 vita
1173 2663 1405 2732 honorificare

286 2765 463 2896 poterant,
499 2751 808 2842 pollent'praebere
830 2749 1010 2827 auxilium,
1034 2751 1234 2836 futuraeque
1255 2746 1406 2810 beatitu-

310 2831 376 2897 inie
400 2833 568 2900 meritum.
612 2837 685 2901 Hac
706 2852 819 2901 autem
841 2833 998 2900 tarditate
1017 2849 1051 2898 et
1073 2829 1281 2920 negligentia
1296 2830 1404 2894 inter-

285 2915 389 3002 pofita
423 2918 519 2981 venit
541 2919 696 3007 sponsus,
731 2936 764 2984 et
784 2935 915 3007 paratae
935 2915 988 2981 vir
1013 2915 1105 2990 luet,
1136 2916 1241 3002 inque
1262 2915 1321 2979 luo
1346 2915 1404 2978 ud-

284 3014 392 3064 ventu
419 3017 552 3065 ornatae
576 3002 861 3102 praeoccupavit,
896 3015 931 3064 et
960 2939 1011 3064 ad
1032 3001 1105 3063 luae
1135 2997 1271 3084 nuptiae
1293 2998 1405 3062 intro·

286 3081 400 3158 duxit;
421 3085 489 3148 hoc
511 3085 724 3151 est1n=iuam
747 3083 1035 3157 deificationem,'
1056 3085 1120 3169 qua
1142 3080 1402 3170 pericctiffimee
1461 3149 1462 3152 ,

285 3165 415 3231 animoa
445 3167 687 3266 supernaturali
717 3166 1015 3254 contemplationis
1047 3168 1123 3230 luae
1145 3163 1250 3254 gloria
1271 3165 1404 3253 glorifi-

218 3269 219 3274 ’
284 3263 354 3324 cat;
387 3266 506 3314 ceteris
535 3251 571 3316 in
602 3254 806 3318 naturalium
829 3257 996 3318 bonorum
1017 3249 1234 3350 plenitudine
1254 3248 1402 3322 relictio,

285 3346 319 3397 et
353 3334 590 3400 excelsitudine
612 3336 793 3401 ineffabilia
817 3335 1061 3408 deificationis,
1093 3354 1189 3418 quam
1210 3355 1269 3396 nec
1288 3333 1406 3398 oculus

281 3417 393 3490 vidit,
414 3441 473 3480 nec
492 3423 585 3484 auris
605 3422 759 3497 audivit,
783 3444 842 3484 nec
864 3423 898 3483 in
919 3440 974 3485 cor
992 3420 1132 3484 hominis
1154 3413 1319 3510 ascendit,
1346 3437 1405 3480 ex·

284 3499 390 3564 clusae.
433 3501 478 3564 Et
499 3505 566 3568 hoc
588 3505 631 3568 eil
653 3507 746 3591 quod
767 3504 831 3568 ait:
860 3507 910 3569 Et
930 3498 1041 3594 clausa
1063 3499 1111 3591 est
1122 3505 1249 3593 jenua,
1279 3497 1405 3564 introi·

284 3598 338 3646 tua
360 3583 523 3650 uidelicet
545 3587 682 3653 divinae
703 3585 1002 3674 contemplationis
1024 3586 1111 3670 facie
1129 3589 1170 3650 ad
1192 3582 1333 3662 laciem3
1357 3586 1403 3646 ad

173 3731 176 3740 ,
282 3687 383 3812 petam
405 3667 541 3734 incaute
561 3670 598 3734 in
621 3675 684 3736 hac
704 3670 775 3735 vita
798 3669 976 3745 viventes,
999 3672 1181 3756 oleumque
1201 3664 1346 3732 actionis
1363 3679 1404 3729 ct

297 3747 442 3815 cientiae
476 3750 512 3816 in
542 3753 683 3820 rationia
713 3755 791 3819 luae
820 3755 1032 3842 receptacula
1063 3774 1134 3818 non
1163 3750 1402 3826 infundentes,

282 3831 409 3898 etiamfi
438 3836 688 3913 clamaverunt,
711 3849 712 3852 ’
732 3836 802 3904 iera
830 3841 965 3924 quaudo
989 3857 1033 3901 ue
1064 3835 1279 3924 poenitentia
1306 3853 1404 3898 com·

280 3917 424 4002 puncti,
446 3940 516 3984 non
539 3919 735 3995 intrabunt,
760 3921 930 3988 dicentes:
993 3924 1098 3987 omine
1118 3922 1281 3992 Domine,
1302 3922 1404 4000 aperi

280 3999 385 4064 nobis.
427 4001 487 4066 Ille
509 4020 622 4070 autem
644 4004 828 4092 geminatio
851 4003 1016 4072 dominici
1037 4001 1206 4077 neminie,
1247 4015 1307 4066 aut
1329 3999 1403 4065 affi-

282 4083 389 4148 duum
419 4085 587 4152 humanae
616 4103 757 4154 naturae
786 4087 976 4177 appetitum
1009 4091 1052 4154 ad
1072 4084 1404 4172 contemplationem

165 4170 168 4178 ’
282 4163 468 4233 conditorio
490 4169 541 4235 lui
563 4173 655 4236 nulla
677 4171 890 4258 ignorantiae
911 4174 1035 4239 nebula
1055 4169 1251 4258 interpolita
1271 4167 1309 4233 in
1332 4166 1399 4244 hie,
1458 4173 1459 4180 ’
