2930 4982
704 53 713 64 ·
822 39 828 85 l

164 275 169 282 .
282 164 450 288 ’464ι
582 173 1094 283 ΔθαυὲινὶειίηιθΝαὴεννιιι

223 477 230 493 1
305 399 366 502 qui
392 379 535 466 omuino
565 397 668 463 aliter
690 400 733 463 de
761 396 920 464 humanis
940 395 1149 486 'corporibus
1169 397 1236 484 post
1251 399 1382 466 relurret·
1434 359 1435 424 l

114 545 121 552 .
304 502 435 552 nonem
457 482 626 556 sentiunt,
656 503 801 568 quorum
822 479 1004 547 sententias
1025 482 1063 547 in
1084 482 1232 568 proceffu
1250 485 1335 562 hujus
1351 485 1381 548 li·

303 569 357 634 bri
377 587 450 632 non
469 565 847 654 pigebitintroducere;
869 565 1112 630 ne-videamur
1129 585 1183 628 eos
1199 567 1249 628 vel
1258 567 1383 652 spernere

302 654 358 716 vel
389 671 474 728 non
494 649 616 736 legiffe.
660 652 702 712 D.
739 649 960 736 Consequens
983 647 1219 735 disputationis
1240 652 1313 714 ordo
1332 649 1383 714 eri·

305 735 373 821 git,
396 749 436 798 ut
456 733 538 820 quid
560 731 703 831 quisque
723 731 1025 820 Ecclelrallicorum
1042 730 1245 818 sapientum,
1266 751 1336 819 quos
1350 735 1385 796 le·

303 816 377 918 pisti
408 823 493 894 (non
530 839 621 880 emm
643 837 760 882 omnes
782 831 816 879 te
836 815 948 902 legiffe
969 815 1112 902 opinor,
1148 813 1386 901 quodcniquan

302 897 504 986 rmpoffibile
535 899 603 976 est,)
640 901 682 964 de
709 898 834 964 talibus
856 899 993 976 senserit
1013 899 1181 985 proferas,
1215 913 1253 962 ut
1270 899 1303 962 in
1321 897 1387 962 arbi·

304 983 370 1048 trio
392 981 535 1071 legentis
556 998 703 1069 ponatur
724 986 818 1082 quod
838 981 923 1047 velit
945 981 1048 1070 sequi.
1090 983 1193 1047 Nunc
1212 995 1315 1046 sutem
1332 995 1387 1046 ate
1434 1029 1435 1034 η

189 1080 195 1104 ¹
278 1087 428 1158 Qquaero
463 1066 681 1152 quaeratione
703 1065 977 1152 droiturperire,
1014 1067 1106 1152 quod
1128 1064 1164 1128 in
1186 1064 1386 1150 primordiales

303 1151 415 1216 caulas
443 1152 498 1227 ¹vel
533 1165 623 1214 certe
644 1149 681 1213 in
703 1148 814 1236 ipsum
835 1153 952 1214 Deum·
967 1148 1164 1234 perhibetur
1183 1149 1387 1212 reversurum:
1434 1201 1435 1204 ,

303 1236 482 1334 ᾲιιὶηΙιιέ
504 1232 804 1331 pronunciandum
825 1233 865 1296 lit
882 1231 999 1296 vivere
1019 1235 1057 1295 et
1074 1253 1266 1319 permanere
1277 1277 1287 1308 ,
1308 1253 1388 1319 quau

302 1333 442 1382 interne
464 1333 499 1380 et
523 1333 674 1381 transire.
1173 1381 1175 1390 ,

366 1420 417 1463 nr.
452 1402 499 1463 Μ.
523 1400 614 1464 Huic
635 1395 996 1485 tuaeinterrogationi
1021 1396 1169 1462 breviter
1190 1417 1229 1462 ac
1248 1394 1390 1461 facilem

211 1547 217 1565 ,
303 1483 472 1569 spondeo,
495 1470 710 1566 nstnionyfii
728 1481 950 1569 Areopagitae
965 1481 1201 1568 propheticam
1218 1477 1389 1545 sententian

304 1566 504 1652 exponentis
526 1567 657 1631 sensum
679 1566 910 1642 considerans,
931 1561 1080 1656 pretiosa
1101 1569 1136 1628 in
1155 1559 1391 1654 conspeetuDs

262 1707 267 1726 ,,
304 1656 386 1714 mini
415 1641 501 1716 mori
534 1655 735 1722 Sanctorum
748 1651 826 1738 sior.
871 1649 1071 1713 Sanctorum
1092 1647 1255 1735 liquidem
1274 1659 1391 1711 mortem

302 1755 375 1798 non
398 1735 496 1798 aliam
518 1734 554 1798 in
576 1738 644 1800 hoc
665 1734 762 1803 versu
782 1735 982 1819 prophetam
1004 1732 1118 1796 dixille
1136 1732 1266 1806 aſtruit,
1286 1743 1392 1816 praeter

237 1837 240 1844 ’
272 1817 440 1910 ‘illorum
477 1815 655 1882 transitum
686 1816 723 1882 in
755 1820 866 1880 Deum
889 1815 1189 1900 contemplationis
1213 1812 1392 1884 cellitndine,

304 1900 419 1966 omnia
439 1899 582 1965 vilibilia
604 1916 639 1965 et
659 1898 838 1964 invisibilia
860 1899 1071 1984 superantes,
1092 1900 1206 1964 adhuc
1226 1898 1393 1981 incorpore

302 1983 485 2050 constituti.
529 1986 621 2052 Num
651 1999 685 2046 et
710 1983 830 2047 Petrus
863 1982 921 2046 ille
942 1982 1175 2080 Apostolorum
1197 1997 1308 2046 vertex
1326 1999 1395 2043 mor·

301 2082 382 2136 tuus
417 2083 488 2130 erat
506 2065 605 2131 'omni
627 2082 798 2132 creaturae
819 2081 853 2128 et
873 2064 1031 2130 transivit
1053 2064 1090 2129 in
1112 2069 1225 2129 Deum
1241 2095 1254 2140 ‚¹
1281 2063 1393 2162 quando

301 2148 453 2215 Domino
474 2149 699 2238 interroganti
720 2171 819 2236 quem
842 2147 876 2211 se
898 2149 960 2212 elle
980 2148 1128 2226 diceret,
1151 2149 1338 2236 respondit:
1360 2147 1396 2209 tta
1434 2201 1435 2206 ,

199 2271 211 2304 ι,
302 2257 339 2298 es
361 2232 524 2328 Christro,
538 2233 636 2324 filius
647 2237 721 2299 Dei
732 2237 807 2297 vivi
815 2235 834 2297 l’
854 2234 946 2296 Num
964 2229 1114 2296 fimiliter
1125 2235 1296 2296 Iohannes
1307 2232 1395 2292 Etru·
1434 2247 1435 2310 ξ

302 2317 413 2406 gelista
445 2319 603 2382 omnibus
648 2338 711 2382 uae
731 2317 820 2382 facte
841 2316 920 2380 lunt
941 2313 1122 2380 defunctus
1144 2315 1213 2392 est,
1239 2313 1395 2380 altitudine
1434 2311 1435 2368 l

264 2410 265 2418 ’
302 2400 452 2480 theoriae
483 2417 606 2468 cuncta
626 2341 793 2489 inpetens
823 2415 858 2464 ct
886 2401 1053 2464 clamans:
1092 2405 1134 2464 In
1153 2401 1322 2486 principio
1341 2405 1398 2460 aret
1434 2403 1435 2466 l

299 2486 454 2562 verbum,
484 2500 519 2550 et
545 2485 677 2552 verbum
699 2499 773 2548 erat
793 2485 885 2566 apud
906 2486 1041 2556 Deum,
1071 2497 1105 2547 et
1125 2485 1229 2548 Deus
1249 2496 1320 2546 erat
1338 2499 1394 2546 uer·
1434 2471 1435 2514 ¹

281 2570 396 2648 ,dum
416 2584 553 2660 totaque
575 2571 675 2658 ipfius
700 2567 861 2637 mirabilis
885 2581 919 2630 et
938 2565 1306 2653 ineffabilisTherologi
1323 2569 1397 2630 theo

299 2653 373 2719 rial
408 2657 498 2722 Audi
527 2657 720 2745 Apostolum
751 2653 862 2718 adhuc
888 2649 1022 2715 mortali
1055 2669 1198 2737 corpore
1228 2651 1394 2719 detentum,

231 2797 234 2810 ,
299 2755 472 2805 mortuum
501 2757 613 2813 tamen
643 2741 676 2806 le
707 2753 742 2802 et
774 2732 972 2802 crucifixum
993 2733 1300 2820 pronunciantem
1327 2731 1397 2802 Mihi

298 2825 437 2888 mundos
472 2825 650 2924 crucifixus
672 2823 738 2912 est,
768 2817 902 2907 inquit,
929 2831 964 2882 ec
984 2841 1045 2901 ego
1065 2821 1197 2894 mundo.
1244 2816 1333 2882 Talis
1351 2816 1398 2879 iu·

296 2929 365 3054 pue
387 2908 431 2972 est
453 2907 610 2972 interatu's
632 2909 825 2974 sanctorum
847 2901 1145 3001 contemplationis
1157 2903 1289 2968 virtute
1309 2901 1344 2966 in
1361 2897 1399 2984 ip·

314 3013 371 3054 um
404 2994 515 3056 Deum
538 2991 801 3067 transeuntium,
836 3003 872 3052 et
894 3007 1006 3053 omma
1028 3007 1115 3073 quac
1135 2986 1218 3050 sunt
1238 3002 1274 3052 et
1294 2983 1397 3069 leiplot
1434 3063 1435 3068 η

251 3093 254 3103 ’
298 3074 481 3138 altitudine
503 3075 639 3139 divinae
661 3074 787 3162 gratiae
807 3069 1049 3158 superantium.
1092 3072 1144 3134 Eo
1174 3069 1294 3158 itaque
1313 3067 1396 3132 modo
1434 3103 1435 3142 p

297 3176 367 3252 quo
392 3156 418 3220 ii
434 3227 435 3230 Ἴ
451 3158 510 3245 qui
542 3158 669 3222 virtute
701 3174 801 3244 etque
829 3154 969 3244 scientia
997 3153 1203 3242 implentur,
1240 3149 1397 3218 adhucin

225 3301 231 3318 ,
270 3241 362 3302 'hac
390 3238 473 3304 vita'
491 3240 663 3307 constituti
696 3243 766 3306 solo
789 3239 902 3304 animo
923 3239 1116 3314 intereunt,
1149 3253 1248 3302 totns
1270 3235 1399 3301 mundat

297 3325 434 3408 quando
457 3325 713 3399 terminabitur,
735 3321 900 3390 interibit.
936 3327 975 3387 ln
996 3321 1106 3409 ipsum
1125 3321 1223 3387 enirn
1243 3318 1303 3410 qui
1319 3337 1400 3406 prop

296 3420 349 3470 ter
368 3407 406 3475 ru
433 3407 734 3474 credentialitatem
754 3408 832 3472 suae
852 3421 992 3472 naturae
1015 3405 1101 3470 nihil
1124 3403 1294 3482 dicitur„
1311 3419 1400 3467 rever·

294 3489 351 3556 lue
374 3511 391 3555 e
423 3512 528 3565 ,non
549 3504 589 3555 ut
611 3506 701 3556 totus
727 3490 921 3567 deificetur,
958 3504 1017 3552 aut
1036 3511 1115 3555 cum
1138 3493 1218 3571 Deo
1240 3509 1348 3554 unum
1367 3479 1402 3577 el·

294 3570 447 3650 finiatur,
469 3591 509 3638 ut
530 3574 684 3640 coelestes
704 3575 847 3638 virtutes
870 3589 905 3638 et
926 3572 1066 3638 humani
1088 3571 1197 3637 animi
1218 3571 1399 3637 illumina
1434 3559 1435 3628 l

223 3721 226 3726 .
319 3657 451 3743 urgati,
472 3657 641 3757 perfecti;
664 3658 722 3722 led
742 3673 782 3722 ut
803 3678 911 3722 unum
932 3657 1024 3744 quod
1044 3677 1162 3736 eorum
1186 3655 1316 3744 quibus
1337 3669 1399 3717 con·

293 3679 450 3806 Kituatur
473 3763 511 3807 an
541 3743 632 3818 luae',
674 3756 714 3804 ut
743 3741 844 3828 saepe
868 3738 1032 3816 diximus,
1066 3755 1264 3805 revertatur
1293 3735 1399 3804 caulas.

296 3823 419 3889 Causas
441 3841 554 3890 autem
576 3822 731 3891 omniurn
751 3823 790 3888 in
812 3827 887 3888 Deo
910 3825 973 3888 elle
994 3823 1185 3889 substitutas
1208 3841 1315 3888 neruo
1335 3819 1399 3884 fite

252 3903 258 3913 ‘
293 3904 380 3971 lium
402 3908 544 3972 dubitat.
588 3907 658 3995 Qui
679 3906 771 3973 enim
794 3907 945 3983 dubitat,
969 3923 1028 3971 aut
1047 3907 1198 3972 infidelis
1223 3907 1348 3972 estnut
1363 3899 1402 3964 in·

294 3988 428 4075 lipiens.
470 3991 619 4080 Proinde
651 4011 753 4058 omne
784 3993 877 4077 quod
898 3990 936 4054 in
957 3991 1088 4056 caulam
1109 3990 1207 4055 luam
1230 3986 1398 4054 reducitur,

293 4070 332 4135 in
352 4076 464 4138 Deum
484 4075 594 4141 redire
615 4096 676 4140 cur
700 4073 936 4141 dubitaretur?
957 4075 1003 4138 Et
1024 4095 1068 4138 ne
1087 4072 1191 4137 rearis
1214 4095 1275 4138 me
1295 4083 1401 4136 temere

234 4166 238 4177 ’
293 4157 406 4224 Deum
428 4160 560 4226 vocans
578 4157 689 4235 nihil,
713 4173 749 4224 et
767 4159 863 4226 nulla
883 4150 1085 4258 auctoritate
1106 4155 1315 4231 suffultum,
1337 4143 1400 4216 audi

867 4369 875 4415 l
