2958 4978
269 234 309 287 tv

273 410 365 468 cua,
388 413 493 480 quum
517 390 688 478 duplicem
705 389 767 454 eisc
782 385 1134 474 praedestinationem,
1157 388 1294 452 alteram
1306 387 1382 452 bea·

271 493 404 550 torum,
442 480 578 541 alteram
607 477 847 562 reproborum,
883 471 941 536 illo
974 487 1123 558 tempore
1151 469 1383 558 proposuisset,
1418 511 1424 532 i

272 565 362 626 hanc
383 563 426 626 ob
447 561 577 659 eausam
592 563 631 622 ab
654 557 902 655 Hi'ncinaro,
926 553 1179 642 archiepiscopo
1193 553 1383 656 liberiensi,

250 639 616 813 'ttttttttllsst'
631 639 1385 806 llllltttlliilhtttll''tlttiff
1468 747 1469 750 κ

273 812 438 886 Amolon,
470 811 611 875 Sanctus
641 805 867 894 Remigius
894 821 928 870 et
950 804 1007 869 alii
1029 806 1233 871 Godeeealeo
1255 805 1385 868 tuendo

276 916 410 980 operam
433 896 618 966 dederunt,
642 896 844 976 tandemque
864 888 1082 954 Hincmarum
1101 911 1141 954 eo
1161 891 1383 960 adduxerunt,

273 970 1386 1144 tt{tli’h‘llttltl‘tttldttttltgtltltttlltlt:

276 1165 412 1292 5¹:22⁰?
415 1169 427 1208 ¹
441 1159 750 1292 ,tttttllitit
759 1142 949 1290 833ιέἔίἷῖ
952 1141 1228 1289 elatat?
1237 1137 1370 1306 flet?
1373 1170 1385 1292 ξ

301 1331 345 1375 uo
368 1312 493 1375 inultos
517 1309 720 1375 adversarios
742 1308 799 1374 sibi
823 1307 1039 1407 comparavit.
1076 1307 1281 1370 Postremum
1297 1323 1385 1400 papa

275 1333 436 1458 birotam
465 1396 490 1458 1.
523 1415 561 1458 ea
592 1413 677 1478 quae
705 1393 753 1456 St.
781 1392 956 1478 Remigius
987 1395 1146 1456 docuerat
1173 1389 1384 1475 approbavit,

277 1475 484 1562 conciliique
505 1475 693 1542 valentiani
714 1496 861 1542 canones
884 1479 1029 1542 adhinc
1045 1474 1300 1540 controversiam
1312 1489 1386 1556 per·

275 1559 423 1624 tinentes
454 1560 702 1630 confirmavita,
724 1559 856 1644 Quibus
883 1559 984 1624 etiam
1014 1561 1231 1635 „venenum”
1253 1559 1387 1640 dogma·

276 1658 349 1706 tum
378 1641 543 1728 Erigonae
600 1644 873 1742 erslringebatur,
903 1642 915 1706 i
942 1643 974 1708 se
996 1659 1109 1708 tamen
1127 1637 1388 1726 Erigena,haud

278 1729 454 1792 damnatus
477 1729 530 1792 est.
594 1727 793 1792 ihilominus
815 1667 1004 1813 compiiiree
1018 1723 1187 1790 inferioris
1202 1721 1276 1794 aevi
1288 1719 1387 1804 scrip·

276 1823 366 1874 tores
397 1811 528 1876 causam
560 1808 726 1898 Erigonae
748 1826 889 1896 egerunt
911 1825 944 1874 et
965 1810 1024 1874 scri
1053 1825 1084 1871 ta
1107 1813 1177 1886 ejus
1200 1807 1384 1872 adulterata

278 1892 750 1988 elleeonteuderuntoe-Pos
761 1897 843 1958 haec
855 1895 994 1958 Carolus
1040 1889 1387 1974 alvusreitErigenam

278 1975 454 2052 excitarit,
476 1994 515 2042 ut
537 1999 637 2064 opera
663 1977 832 2055 (Pseudo)
854 1975 1005 2060 Dionysii
1028 1980 1156 2062 Areopa
1182 1972 1247 2038 'tae
1262 1989 1386 2058 ,graece

275 2058 484 2144 conscripta,
507 2085 595 2148 quae
614 2060 760 2141 Michael
781 2061 927 2134 Balbus,
960 2057 1133 2136 orientalis
1187 2073 1385 2120 omanorum

278 2140 374 2226 regui
395 2142 600 2228 imperator,
626 2166 652 2208 a.
676 2156 750 2222 827.
773 2143 967 2208 antecessori
987 2142 1097 2216 illius,
1121 2137 1298 2206 Ludovico
1312 2136 1388 2209 Pio,

278 2227 478 2301 donaverat,
514 2227 636 2291 iterum
672 2228 708 2292 in
731 2227 891 2292 Latinum
911 2242 1056 2292 verteret
1077 2226 1274 2288 sermonem.
1317 2217 1389 2292 Eri·

276 2327 364 2404 gena
392 2308 481 2396 regie
511 2310 670 2376 desiderio
698 2309 873 2385 satisfecit,
906 2333 925 2374 a
956 2331 1042 2397 papa
1064 2325 1176 2374 autem
1198 2304 1340 2372 Nicolao
1362 2306 1388 2364 1.

277 2405 489 2474 vituperatus
519 2395 579 2469 est,
611 2395 702 2480 quod
732 2393 820 2479 ipse,
853 2393 934 2480 qui,
971 2393 1077 2470 „lieet
1109 2389 1248 2470 scientia
1269 2391 1391 2472 m‘agna

279 2474 394 2550 ellet¹’,
417 2491 531 2542 tamen
550 2482 617 2556 jam
640 2493 755 2554 antea,
778 2478 803 2542 si
824 2479 866 2542 ad
887 2475 1121 2542 orthodoxiam
1132 2471 1308 2560 respicias,
1331 2489 1388 2555 pe-

277 2578 338 2620 nsa
360 2560 486 2625 multoe
509 2561 597 2625 sama
618 2563 710 2624 haud
729 2563 820 2626 bona
841 2564 1025 2647 gauderet,
1046 2559 1171 2624 librum
1191 2558 1390 2640 interpreta-

279 2639 370 2706 tioni
391 2643 490 2708 falsae
514 2659 583 2710 tam
605 2642 791 2710 obnoxium
813 2646 881 2708 fine
928 2642 1077 2709 ontificis
1098 2639 1236 2706 maximi
1273 2655 1391 2722 appro-
1470 2663 1471 2682 i

275 2723 415 2790 batione
449 2725 610 2793 edidisset.
648 2727 750 2814 (859.)
791 2731 865 2792 Jain
884 2669 940 2792 iiii
988 2747 1082 2812 apam
1104 2723 1223 2804 juffillc
1242 2733 1390 2793 narrant,

276 2807 459 2892 Erigonam
486 2827 625 2908 propter
653 2809 746 2876 istam
775 2833 846 2876 rem
884 2751 1014 2875 Parisiis
1037 2806 1209 2874 amandari
1237 2807 1393 2870 Romam·

278 2911 344 2973 que
373 2891 470 2965 duci,
504 2892 563 2958 alii
591 2893 715 2958 librum
743 2895 839 2958 illum
860 2893 920 2956 sibi
941 2892 1042 2956 etiam
1064 2907 1136 2954 turri
1158 2887 1250 2953 mitti
1271 2889 1314 2949 ad
1335 2907 1391 2970 ap·

276 2974 501 3056 probandum.
544 2975 718 3038 Voluntati
746 2996 874 3060 papae,
908 2975 1076 3040 nescimus
1109 2993 1186 3048 cur,
1221 2971 1312 3034 haud
1334 2971 1392 3032 ob·
1420 3043 1424 3052 .

277 3069 502 3138 temperatum
532 3056 595 3132 est,
627 3075 743 3143 neque
757 3080 802 3155 pa
830 3079 882 3121 am
904 3057 1013 3143 ipsum
1034 3057 1160 3144 postea,
1195 3069 1235 3117 ut
1255 3054 1392 3118 manda·

163 3190 166 3202 .
278 3151 353 3199 tuni
369 3137 464 3203 suum
483 3139 731 3216 observaretur,
755 3164 790 3204 in
819 3161 873 3205 are
885 3139 1050 3205 videmus.
1086 3143 1253 3212 Attamen,
1299 3157 1392 3198 uam·

279 3217 332 3282 vis
363 3242 450 3307 papa
469 3221 650 3320 Erigenam
670 3221 902 3309 vituperasset,
938 3221 1083 3310 aequalis
1106 3227 1177 3302 ejus
1199 3159 1391 3291 Annianus,

278 3299 555 3372 bibliothecarius
588 3326 771 3380 romanus,
808 3307 1004 3392 scriptorem
1042 3307 1211 3378 nostrum,
1253 3316 1393 3388 propter

278 3387 419 3452 eandem
440 3388 533 3454 illam
557 3390 759 3464 versionem,
783 3411 854 3455 non
875 3390 989 3454 minus
1005 3411 1104 3474 quani
1117 3401 1254 3475 propter
1276 3384 1392 3458 „sanc-

281 3485 349 3532 tam
368 3475 440 3550 ejus
460 3471 587 3538 vitam”
609 3471 657 3538 ita
678 3473 845 3547 laudavit,
876 3489 916 3542 ut
936 3475 1110 3561 probatam
1133 3473 1173 3534 ab
1196 3489 1237 3532 eo
1259 3464 1392 3554 ingenii

277 3553 508 3636 praestantiam
532 3570 566 3618 et
585 3555 746 3622 virtutem
768 3572 900 3621 tanturn
924 3579 965 3620 ex
988 3553 1144 3700 fingulari
1161 3553 1304 3640 quadam
1322 3571 1394 3647 gra·
1445 3569 1449 3576 ·

278 3633 347 3732 tiae
368 3635 503 3701 divinae
522 3658 584 3722 per
607 3637 761 3725 spiritum
783 3639 935 3704 sanctum
956 3638 1031 3701 insu
1048 3661 1086 3702 ae
1107 3633 1287 3701 efficientia
1308 3635 1393 3698 den·

206 3729 211 3756 ¹
276 3739 349 3780 vari
386 3721 477 3803 pelle
505 3719 733 3786 confiteretur.
796 3723 900 3806 Quod
929 3721 1065 3808 quidem
1099 3725 1306 3785 documento
1338 3715 1392 3793 est,

278 3799 362 3886 quid
392 3805 434 3865 de
465 3822 506 3867 eo
533 3808 661 3869 Rornae
689 3820 724 3868 et
752 3802 790 3868 in
820 3805 892 3893 ipsa
920 3807 995 3870 aula
1016 3803 1212 3890 pontificia,
1241 3799 1325 3866 licet
1344 3800 1391 3863 fa-

278 3905 334 3948 ma
370 3884 526 3972 ambigua
564 3889 645 3953 olim
681 3888 828 3974 aspersus
868 3887 970 3972 essct,
1015 3886 1235 3952 existimatum
1278 3881 1393 3947 suerit.

267 3966 436 4066 Studium
468 3984 600 4036 tantum
631 3970 777 4036 nimium
805 3971 979 4058 archetypi
1008 3973 1050 4036 ad
1080 3973 1223 4035 verbum
1253 3965 1394 4032 transse-

276 4053 375 4148 rcngli
402 4049 439 4116 in
468 4073 507 4116 ea
536 4055 686 4120 versione
707 4054 887 4122 Anastasius
907 4057 1224 4142 reprehendendum
1246 4051 1309 4114 esse
1330 4068 1391 4134 pu-

279 4149 380 4210 tavit,
413 4135 566 4222 quamvis
593 4137 679 4204 illud
710 4137 856 4205 studium
888 4137 1118 4217 „humilitati”
1149 4135 1315 4221 Erigonae
1336 4133 1392 4196 ad·
