2958 4978
278 183 343 238 avt

274 361 345 406 non
368 341 442 404 sotir
465 362 482 402 a
504 338 714 424 philosophia
735 336 903 412 distinxit.
942 339 1113 405 declarant
1143 359 1257 412 veram
1279 341 1389 426 philo·

234 465 241 476 ι
276 425 425 510 sophiam
447 445 559 486 veram
581 421 643 486 esse
663 421 883 506 religionem.
908 437 942 488 ct
964 443 1076 488 veram
1101 422 1301 509 religionem
1323 427 1387 488 esse

274 504 678 656 raritati.
702 507 830 652 ..tul
848 503 1020 665 :tut
1305 507 1388 572 ὠ·

274 615 306 656 ιιι
350 619 359 666 t
713 627 714 632 κ
924 635 932 653 .

181 750 188 763 1
283 715 288 722 -
343 693 375 737 u.
404 613 657 737 Panthdiamuru
688 611 883 758 prpfitetiir:
918 693 946 736 a.
975 693 1079 756 quum
1114 668 1239 770 sopor,
1272 676 1386 738 Deum

274 759 404 830 filium,
434 771 648 824 emanantem
676 777 694 818 a
724 769 838 840 patre,
874 770 1058 819 creaturam
1119 772 1197 822 atrro
1219 757 1282 820 esse
1305 756 1388 820 affir-

274 855 361 911 met:
395 843 427 904 b.
460 860 563 924 quum
586 859 703 904 omnca
725 853 891 902 creaturae
912 837 948 902 in
972 779 1150 902 univeriali
1171 853 1289 905 rerum·
1306 861 1385 924 apo-

274 923 416 1074 copaslpst
444 944 505 1008 per
532 925 664 997 Deum,
699 943 802 986 uuam
833 919 959 986 scilicet
985 921 1238 1000 substantiam„
1267 925 1389 989 doceat

272 1005 450 1075 choreti.

333 1105 365 1169 5.
397 1091 490 1154 Ultra
523 1085 702 1171 systematia
728 1085 955 1174 Areopagitici
977 1085 1060 1152 finer
1083 1091 1221 1174 ejusque
1241 1088 1387 1174 superes·

276 1173 468 1249 sactiolam,
492 1171 606 1238 omnia
628 1174 839 1256 superantem
861 1169 1010 1234 divinam
1033 1171 1200 1240 unitatem
1220 1194 1291 1237 non
1334 1193 1386 1238 ro·

272 1255 392 1332 eeffit.
417 1271 452 1320 et
481 1255 704 1342 dogmaticam
733 1255 781 1318 St.
818 1253 997 1318 Trinitatis
1017 1253 1195 1320 notionem
1216 1254 1254 1320 in
1276 1197 1387 1320 Tdeo·

275 1340 400 1429 logiam
422 1339 590 1420 mysticam
614 1336 907 1426 etspeculativam
929 1335 1091 1404 inducere
1112 1339 1231 1404 omisit.

333 1424 398 1488 Hic
429 1421 554 1499 tribua,
591 1443 676 1508 quae
709 1423 830 1485 Glirrea
850 1419 887 1484 in
909 1422 1074 1518 Erigonae
1094 1423 1385 1507 reprehensionem

272 1522 391 1581 notat,
415 1509 553 1572 accedat
573 1521 752 1594 quartum,
776 1505 867 1592 quod
888 1507 988 1569 muln
1011 1504 1048 1570 in
1071 1509 1217 1570 cundem
1239 1505 1385 1572 animad-

270 1605 465 1656 verterunt:
1378 1643 1387 1655 .

332 1683 364 1753 4.
396 1672 477 1738 Mali
510 1670 613 1736 ethici
642 1687 796 1738 naturam
829 1688 929 1762 atque
949 1671 1145 1760 gravitatem
1166 1674 1260 1737 haud
1281 1692 1382 1757 agno·

274 1757 341 1832 vit,
362 1755 468 1822 immo
489 1752 525 1821 in
548 1755 727 1822 universali
750 1779 861 1822 rorum
883 1756 1091 1845 apocatallasr
1111 1753 1290 1824 infernalia
1309 1758 1382 1842 sup·
1437 1837 1438 1842 ἵ

274 1839 376 1928 plicia
398 1839 501 1905 finem
523 1839 644 1926 assequi
667 1841 793 1907 docuit.
819 1877 859 1890 -
1250 1877 1252 1882 ,

334 1924 387 1989 A'd
408 1927 434 1988 l.
457 1923 718 2012 respondemur,
739 1923 1019 2013 propositionem:
1042 1929 1149 2002 „Vera
1170 1923 1384 2014 philosophia

273 2008 415 2085 estnerr
436 2006 574 2094 religio,
597 2023 631 2070 et
651 2031 683 2072 v.
703 2028 738 2071 v.
753 2031 832 2072 vera
845 2007 965 2094 religio
984 2010 1027 2074 est
1042 2031 1121 2076 vera
1161 2009 1382 2096 hilosophia”‚

273 2091 403 2178 duplici
434 2104 468 2154 ct
497 2090 626 2156 diverso
654 2091 751 2156 sensu
779 2093 870 2178 posse
898 2091 1062 2178 intelligi,
1093 2033 1159 2159 ted
1179 2096 1322 2160 eandem
1345 2091 1383 2156 in

271 2175 418 2240 auctoris
446 2175 547 2240 nostri
581 2194 639 2239 ore
671 2197 743 2240 non
764 2175 871 2264 magia
896 2175 959 2239 esse
979 2177 1182 2264 suspectam,
1215 2199 1314 2264 quam
1334 2175 1381 2252 id.
1438 2237 1439 2244 ,

271 2263 375 2409 guod
386 2279 491 2405 prope
514 2280 630 2324 omner
648 2259 753 2342 sancti
765 2276 879 2358 patrea
897 2261 1038 2336 docent,
1060 2260 1301 2326 revelationem
1314 2257 1381 2323 scil.
1438 2261 1439 2314 l

763 2360 903 2408 renuam
927 2357 1027 2428 atque
1049 2365 1184 2410 omnem
1207 2343 1384 2412 continere

303 2343 392 2408 hrisli
426 2364 443 2406 e
470 2365 488 2406 e
523 2343 683 2408 summum
706 2344 736 2406 sa

271 2426 531 2574 philosophiam.
574 2429 625 2490 Ex
647 2449 714 2514 quo
738 2367 885 2513 sequitur
906 2449 937 2488 v.
961 2449 992 2488 v.
1018 2427 1145 2504 etium,¹
1173 2447 1286 2520 ueram
1311 2424 1385 2512 phi-

217 2511 224 2566 ἴ
286 2509 459 2596 osophiam
489 2512 630 2577 eandem
658 2511 720 2575 'else
752 2532 792 2576 ac
823 2530 938 2574 reram
958 2511 1178 2597 religionem,
1209 2531 1276 2578 uec
1296 2511 1386 2574 hanc

272 2593 370 2658 aliam
392 2609 426 2658 et
447 2595 489 2657 ab
510 2595 567 2658 illa
588 2595 771 2680 separatam
792 2593 967 2660 involvere
986 2596 1173 2660 veritatem.
1201 2593 1385 2678 Erigeuam
1437 2597 1438 2608 ’

269 2697 351 2741 vero
373 2677 571 2743 necsacrum
592 2677 806 2762 scripturam,
827 2699 872 2742 ne
896 2696 940 2741 uc
951 2677 1138 2744 testimonia
1152 2694 1286 2764 patrum
1304 2697 1385 2741 con·

270 2760 453 2848 tempsisse,
488 2776 556 2826 tam
585 2761 685 2826 multi
714 2761 782 2826 loci
803 2758 840 2824 in
861 2764 886 2824 lr
910 2759 955 2824 rio
979 2763 1021 2824 de
1044 2761 1206 2826 divisione
1226 2761 1384 2848 probant.
1437 2771 1438 2858 l

268 2860 310 2908 ut
338 2843 519 2909 ridiculum
550 2845 659 2920 soret,
691 2848 759 2911 hoc
787 2843 872 2910 locia
894 2842 1084 2928 singillatim
1106 2843 1283 2918 laudandia
1304 2846 1386 2908 ube·

268 2926 338 2992 rino
368 2929 572 3013 approbare,
606 2931 702 2995 Duoa
730 2943 864 2992 tantum
893 2929 987 2992 locoa
1007 2927 1204 3010 asseramur,
1236 2947 1384 3014 quorum

269 3013 353 3074 alter
368 3010 594 3076 humilitatem
610 3011 754 3087 testatur,
770 3033 871 3098 quam
881 3009 918 3075 iu
933 3011 1179 3096 perscrutandia
1190 3010 1384 3076 rcbuadivi·

267 3091 322 3156 nia
339 3107 436 3156 autor
452 3093 562 3157 noller
581 3093 879 3179 semper‘servavit
901 3108 1162 3182 quantacunque
1171 3095 1238 3160 suit
1245 3095 1383 3160 liberta·

269 3181 340 3254 eiua
363 3191 397 3238 et
412 3177 562 3252 audacia,
580 3179 716 3275 puando
734 3176 1173 3263 eaedemrecpcrrationem
1184 3178 1300 3258 diviua
1311 3199 1384 3264 gra-

268 3257 315 3322 tia
337 3257 559 3326 illuminatam
581 3259 818 3347 investigabam
848 3260 931 3324 alter
951 3282 1032 3325 vero
1058 3261 1203 3327 ostendit
1223 3264 1383 3338 eundem,
1436 3259 1437 3338 ι

267 3339 421 3488 qplatmvia
460 3343 828 3490 ,ιιῑίοῖιε[ιιιὶῑιιιιιιιιιοῑΥ
852 3343 1048 3429 scripturam
1076 3345 1285 3493 iutelligprc,
1326 3367 1386 3491 op·

265 3446 363 3593 {0112
365 3447 602 3585 ndonefildirrete,n
615 3445 1384 3598 ammedediistidiadeffiirdqddmeffidcaaidncff

267 3608 377 3656 aarum
406 3591 644 3678 scripturarum
672 3593 804 3660 radium
837 3609 871 3658 et
907 3595 1032 3680 chaque
1053 3617 1118 3694 ope
1143 3619 1257 3662 earum
1281 3594 1385 3662 altius
1435 3633 1436 3640 ι

266 3675 451 3740 scelerare
473 3693 507 3740 ct
531 3679 573 3742 de
593 3680 694 3742 rebua
716 3677 841 3743 divinia
864 3691 1005 3742 tractare
1025 3677 1085 3745 fitn
1114 3679 1228 3746 licere.
1270 3683 1310 3744 su
1335 3679 1386 3742 le-

267 3762 382 3824 cundo
402 3758 490 3824 libro
513 3762 555 3827 de
578 3761 646 3826 div.
669 3761 770 3828 dicit:
803 3759 923 3846 „Quid
946 3761 1038 3825 enim
1059 3765 1192 3851 prodest
1211 3763 1270 3829 illa
1289 3763 1385 3826 uelo·
1435 3783 1436 3846 ι

266 3841 369 3918 citae,
392 3863 492 3940 quam
514 3865 598 3930 pura
619 3843 770 3911 veritatis
792 3843 1034 3930 contemplatio
1058 3847 1194 3935 effugit,
1217 3861 1276 3912 aut
1297 3845 1384 3931 quid
1435 3851 1436 3926 l

266 3935 383 4073 prboplpt'
399 3924 469 4011 ipsa
499 3927 649 4090 traditae,
680 3928 737 3994 cui
767 3927 948 3995 defiderata
977 3928 1080 3996 saciet
1110 3929 1304 4005 occurritl”
1346 3945 1384 3992 et
1435 3929 1436 4005 l

266 4029 315 4071 ιι
360 4029 393 4072 ιιι
413 4029 490 4096 pag.
516 4033 529 4075 ι
556 4032 585 4078 o.

267 4121 348 4230 ¹⁰2⁰)
367 4161 530 4222 Gcachichtc
548 4161 596 4219 dor
613 4125 797 4239 Phisorophlc
823 4167 904 4230 Τοιιι.
923 4167 996 4223 vtlt.
1015 4165 1087 4224 Soet.
1103 4169 1126 4226 l.
1143 4185 1170 4240 p.
1186 4169 1229 4230 π.
1247 4165 1282 4224 cs.
1299 4165 1376 4240 piis
