2854 4978
454 239 741 327 monnau.
837 209 840 212 ’
1075 241 1155 314 aar

60 441 142 494 ottrr
161 424 337 494 donrlnnrn
358 424 397 491 in
417 425 522 515 seipsa
544 426 787 504 aeffimobitor,
808 441 844 492 et
864 425 928 491 erit
947 423 1155 492 contrarium

59 511 231 598 scripturae
257 531 343 598 quae
364 509 449 575 eicit
467 515 579 578 omnia
599 512 822 602 tusaptmtta
830 502 975 610 fecisti;
1005 525 1155 576 autnon

57 597 187 660 eaodem
207 609 363 658 naturam
385 595 472 674 elle„
487 617 573 742 ppae
595 595 808 662 aeternaliter
827 618 864 659 rn
879 593 1076 682 cognitione
1088 593 1155 658 Dei

59 693 136 754 erat,
159 694 194 742 et
214 699 300 764 quae
319 676 426 742 veluti
448 699 496 765 po
521 683 659 745 modum
680 679 717 744 in
739 679 844 765 seipsa
864 678 1002 744 condita
1024 677 1077 742 est.
1107 681 1157 744 Ac

55 764 202 908 pethoo
229 778 300 830 non
336 781 374 825 ea
395 783 480 848 qnae
501 763 592 828 iacta
614 765 691 828 sunt
712 779 892 862 antequam
916 763 1036 828 fierent
1055 758 1155 837 vidit,
1191 793 1200 810 ι

67 848 104 910 ed
122 866 179 909 ea.
196 845 408 910 solummodo
430 860 516 932 quae
537 862 672 912 aeterna
693 847 772 910 sunt
792 869 830 911 m
854 846 960 933 seipso
981 844 1089 926 viditt
1122 858 1157 909 et

55 927 234 1014 liquie'hoc
255 927 404 1004 dederit,
426 929 614 998 catholicae
636 929 791 998 fidelium
811 928 1007 1017 proseffioni
1028 927 1159 1017 yidebi·

56 1028 114 1076 tur*
127 1011 280 1078 relillere.
323 1015 445 1078 Sancta
479 1012 641 1100 squidem
662 1013 780 1102 sophia
800 1035 872 1080 non
895 1013 958 1078 alia
979 1011 1158 1099 profitetur

54 1095 221 1164 dominum
245 1095 291 1164 in¹
304 1095 348 1164 sei
375 1096 409 1161 so
431 1096 635 1184 prinsquam*
649 1097 926 1172 fierentviditre.
950 1096 1059 1162 etalia
1072 1093 1157 1182 poll·

54 1181 182 1248 morlain
203 1179 242 1244 in
264 1179 333 1266 seip
396 1180 524 1256 secisse,
553 1182 611 1246 sed
632 1185 748 1252 eedem
771 1181 985 1250 aeternaliter
1006 1179 1094 1255 visat
1122 1193 1157 1244 et

55 1263 258 1330 aeternaliter
278 1263 384 1337 sama,
407 1279 441 1337 et
462 1267 530 1331 hoc
550 1280 661 1330 totum
681 1264 718 1332 in
740 1268 816 1332 Deo
840 1281 875 1330 et
887 1264 975 1330 nihil
991 1279 1082 1328 extra
1101 1265 1159 1328 do·

55 1345 185 1414 minum.
217 1347 255 1412 ei
277 1363 390 1412 antem
411 1347 504 1412 alind
526 1347 662 1414 divinae
686 1347 849 1414 bonitatis
865 1365 998 1420 natura.
1021 1345 1160 1412 etaliud

55 1434 136 1514 quod
154 1429 247 1496 vidit
267 1430 462 1498 laciendum
487 1445 521 1496 et
542 1431 644 1509 feeit,
678 1448 713 1498 et
730 1432 769 1498 in
790 1431 898 1519 seipso
920 1432 1025 1507 vidit,
1055 1446 1091 1496 et
1110 1429 1158 1494 se·

54 1512 95 1576 cit
123 1513 261 1580 divinae
295 1529 435 1582 naturae
469 1515 661 1603 [implicitae
695 1515 858 1584 intertum
887 1533 980 1591 etur,
1020 1515 1158 1601 quando

57 1595 137 1692 aliud
157 1597 290 1695 invipsa
311 1597 531 1698 intelligitur,
556 1603 648 1687 quod
668 1598 740 1699 ipsa
760 1621 832 1666 non
854 1541 999 1698 titptrod
1015 1596 1158 1696 omnino

56 1679 329 1860 catto
345 1685 626 1853 tereret.
639 1683 855 1845 tttttttt
875 1684 1160 1864 trottae

7 1927 8 1932 ἵ
57 1848 159 1913 eadem
190 1849 236 1912 est
258 1864 379 1914 nature
400 1855 497 1931 enjuo
516 1849 723 1922 innittlabilit
746 1851 790 1918 esl
809 1848 1023 1938 implicitae,
1046 1863 1088 1934 ¹et
1107 1869 1160 1912 rn-

58 1928 234 2015 separabilia
267 1932 400 2008 onitaa‚
431 1933 586 2021 prolecto
609 1933 746 2001 dabitur
766 1935 881 2002 omnia
901 1933 1029 2021 ubique
1053 1929 1160 1999 domi·

57 2033 128 2080 num
157 2017 238 2093 elie,
272 2031 310 2081 et
339 2030 450 2082 totum
469 2017 507 2082 in
530 2033 621 2095 toto,
654 2034 688 2084 et
708 2019 870 2086 factorem
893 2033 927 2082 et
946 2018 1094 2092 sactum,
1124 2027 1160 2080 et

7 2161 9 2166 .
56 2095 217 2166 videntem
248 2115 284 2164 et
313 2099 446 2176 visum,
483 2115 518 2166 et
549 2117 683 2189 tempoe
704 2117 740 2168 et
757 2105 895 2178 locum,
932 2115 966 2165 et
987 2097 1159 2165 essentiam'

57 2181 195 2248 omniurn
218 2198 256 2249 et
276 2183 507 2264 substantiam,
531 2199 566 2250 et
587 2186 763 2261 accident,
787 2202 823 2251 et
843 2200 882 2250 nt
902 2185 958 2249 srm
984 2183 1096 2248 liciter
1111 2181 1160 2246 cti·

57 2282 135 2339 earn,
156 2288 261 2332 omne
285 2270 377 2353 quod
397 2274 478 2332 ve're
500 2269 563 2342 est,
588 2285 623 2333 et
643 2291 716 2336 non
741 2269 800 2346 ell,
823 2269 941 2357 supere
968 2264 1100 2333 entialio
1120 2262 1160 2328 in
1205 2259 1213 2284 “

58 2347 207 2428 esentiie,
238 2351 559 2437 supersubstantialis
590 2353 628 2416 in
656 2352 864 2444 substantiie,
898 2353 997 2439 super
1022 2370 1160 2426 ornnem

57 2447 227 2500 nectorem
252 2451 381 2500 creator
389 2478 404 2510 ‚·
423 2451 459 2500 et
475 2434 567 2500 intra
586 2457 726 2506 omnem
748 2453 938 2504 creaturam
956 2450 1101 2508 creatoa.
1125 2445 1160 2498 et

58 2509 132 2582 infra
152 2538 289 2617 omnem
312 2529 499 2618 ereaturam
519 2519 707 2597 subsistent,
730 2529 749 2585 a
771 2519 879 2668 [⁰{l'i0
901 2521 966 2585 elle
977 2517 1159 2604 incipient,

58 2610 88 2776 {l
102 2602 1100 2778 titplttlttsttlll⁰}tttfft‘lpt'tltlltlsstt
1122 2613 1160 2745 fl

60 2763 220 2834 nfinitum
250 2768 517 2855 multiplicator,
551 2769 799 2858 simplicitatem
828 2772 906 2836 suae
926 2783 1068 2836 naturae
1088 2785 1160 2830 non
1237 2792 1276 2840 Δ,

60 2845 218 2928 deserent,
249 2865 286 2919 et
313 2852 610 2941 multiplicationis
631 2855 708 2920 luae
729 2852 937 2920 infinitatem
957 2852 994 2918 in
1016 2850 1062 2916 sei
1088 2849 1161 2912 sunt

58 2943 213 3000 revocant.
259 2937 298 3000 ln
332 2935 405 3022 ipso
435 2936 528 3002 enim
559 2937 674 3002 omnia
705 2959 815 3002 unum
847 2938 937 3001 sunt.
978 2935 1027 3000 M.
1092 2949 1162 2996 unc

59 3009 169 3094 video,
201 3033 237 3082 te
267 3039 415 3116 perpure
439 3019 607 3108 inspicere
629 3022 671 3085 de
693 3019 818 3108 quibat
839 3017 1009 3086 videbaris
1032 3014 1163 3082 dubita·

59 3113 103 3169 re·
123 3113 156 3162 et
173 3102 317 3167 rrlterrot
339 3122 412 3170 non
434 3101 615 3186 titubabit.
635 3118 675 3168 ot
697 3103 851 3180 arbitror,
871 3100 970 3168 satori
991 3098 1106 3167 omnia
1128 3111 1163 3162 et

61 3175 137 3245 secte
154 3185 217 3249 elle
239 3200 276 3249 et
296 3201 511 3261 aeterna-let
532 3209 634 3254 omne
656 3189 749 3274 qootl
768 3186 806 3253 in
829 3187 879 3253 eie
899 3207 979 3252 vere
1000 3179 1162 3269 intelligi·

61 3271 112 3360 lut
126 3265 310 3346 ittbsrslere,
338 3269 389 3334 nil
413 3269 507 3336 alind
527 3287 659 3358 praeter
678 3269 886 3337 ineffabilem
907 3269 1043 3336 divinae
1064 3265 1161 3333 boni·

62 3355 128 3410 tant
148 3351 208 3415 effe
229 3368 396 3419 naturam.
438 3357 453 3420 l
479 3355 512 3420 sa
537 3354 628 3420 enim
651 3355 696 3420 est
715 3354 926 3420 substantiale
947 3356 1094 3427 bonum,
1127 3363 1161 3414 et

62 3445 151 3495 nemo
179 3436 291 3501 bontra
315 3435 381 3502 nili
414 3378 504 3503 sotira
525 3441 630 3503 Deut.
671 3437 783 3503 Rellat
803 3438 941 3527 quidem
963 3438 1163 3502 deeeterna

62 3513 248 3610 notitione
279 3519 436 3587 omnium
466 3521 504 3585 in
533 3523 608 3586 Deo
638 3537 798 3598 tractare,
832 3535 999 3608 quantum
1026 3516 1163 3612 divinae

63 3599 199 3665 venratio
229 3603 344 3668 redint
375 3603 484 3670 aciem
511 3603 641 3668 nollrae
668 3602 851 3670 mentitio
874 3601 991 3669 divina
1010 3599 1163 3682 mysterra

61 3681 233 3778 penniferit
256 3685 445 3758 ascendere.
488 3689 531 3752 D.
554 3687 667 3752 Rellat
687 3687 826 3774 quidem
848 3699 883 3752 et
902 3689 970 3766 jam
991 3685 1075 3749 ordo
1098 3681 1162 3747 dit·

62 3765 234 3840 putanonie
255 3768 371 3856 exigit.
413 3771 518 3838 Priue¹
534 3784 648 3837 tamen
668 3769 779 3838 velim
795 3783 830 3836 t‘e
842 3768 992 3838 breviter
1004 3765 1162 3854 colligere

63 3851 161 3911 totum
190 3853 282 3937 qnod
315 3855 358 3920 de
409 3853 553 3920 raesenti
583 3853 776 3940 quaestione
801 3854 969 3920 hactenue'
987 3848 1077 3921 inter
1097 3863 1161 3916 not
1194 3901 1199 3910 .

65 3929 243 4001 conlectum
264 3935 319 4001 est.
361 3875 484 4004 tiae
504 3959 630 4025 purum
650 3953 692 4002 nt
714 3935 839 4024 opinor
859 3934 1061 4002 deduximut
1077 3929 1161 4001 divi·
1259 4016 1260 4026 ἵ

63 4025 131 4082 nam
150 4016 337 4085 bonitatem
357 4018 476 4088 vidisse
497 4035 532 4088 et
552 4022 621 4088 sem
646 4044 682 4088 er
701 4019 820 4086 vidisse
840 4042 878 4088 ea
899 4039 985 4106 quae
1006 4017 1161 4084 facienda

65 4107 156 4191 θηρὶ.
197 4103 239 4168 D.
262 4105 339 4188 Hoc
359 4121 499 4192 pactum
522 4105 577 4171 ell.
620 4045 669 4170 lt.
690 4107 736 4169 Et
755 4120 827 4169 non
849 4099 1023 4171 aliavidit
1043 4095 1161 4167 etalio

66 4167 153 4258 flul,
165 4181 229 4254 ‘sad
248 4207 294 4256 er-
309 4207 397 4278 qaae
416 4189 548 4282 semper
566 4187 657 4258 vidit
676 4186 833 4258 facienda
853 4183 946 4258 fecit
988 4189 1032 4252 D.
1062 4179 1161 4252 eimi-
