2942 4976
490 141 492 144 ¹
1097 150 1108 178 Χ

545 230 551 246 Ι
653 208 654 211 ¹
697 232 703 246 Ι
792 259 794 262 Ι

924 323 936 356 «κ
1208 319 1214 338 ι’

94 409 244 500 praemia
269 423 305 476 et
332 409 504 498 ln'pplicin
545 411 650 480 Dives
677 429 788 486 autem
818 430 899 484 non,
919 415 961 478 de
980 413 1102 500 louge,
1139 413 1197 481 led
1234 440 1239 464 ι

94 501 189 577 juxta
218 495 252 558 lo
276 497 432 570 uebatur,
448 510 503 560 -ut
526 494 697 584 intelligas
717 520 796 566 eum
815 517 891 563 nou·
909 511 1029 568 natura
1049 499 1196 583 segrega·
1230 555 1232 559 .

96 595 171 642 tum
199 577 248 641 lu'
276 581 557 654 eab‘Abrtlaam,
592 580 650 646 led
669 582 778 684 culpa.
820 582 893 645 Una
913 571 1073 666 liquidem
1096 581 1196 650 elien·

95 661 144 726 tia
166 660 302 746 jungit,
333 679 417 748 quos
433 661 594 730 meritura
618 661 923 734 diffimtledividit
965 664 1071 742 Paulo
1091 661 1197 747 prius·

98 741 201 830 quam
220 742 387 810 Dominus
407 760 596 831 pateretur,
626 748 724 816 stmul
743 747 781 811 in
802 767 872 815 uno
893 745 1078 815 coenaculo
1098 747 1198 822 ludas

93 826 268 893 iscariotes
298 843 332 892 et
364 827 479 894 Simon
497 829 725 899 ,Petruacurn
746 829 1122 906 Christocoenabant-3-
1141 827 1198 891 led

95 932 186 975 onus
210 915 303 990 juxta
335 910 518 987 Christum,
557 912 639 979 alter
667 915 768 1000 longe
790 914 1058 992 eratsachrillo.
1103 913 1198 976 Unus

95 993 155 1080 qui
186 1014 264 1062 cnm
290 994 418 1058 Christo
446 993 635 1080 intingebat
655 1019 791 1063 manum
816 997 852 1062 in
874 999 1102 1094 paropsidem,
1132 997 1197 1074 ,hu-

96 1075 415 1157 manitatisssbrilli
448 1093 518 1144 erat
538 1079 696 1156 traditona
730 1081 811 1149 alter
832 1103 890 1166 qur
912 1102 982 1146 non
1002 1080 1126 1178 legitur
1146 1077 1197 1173 in·

95 1158 227 1224 tinaille
257 1183 394 1225 manum
422 1182 499 1226 cum
526 1162 657 1245 ,Chrillo
686 1161 735 1234 in·
752 1165 976 1250 paropsidem,
1010 1159 1198 1228 davinitatts
1287 1237 1290 1250 Ι

96 1242 308 1308 Christianat
329 1247 591 1330 contemplator:
613 1268 703 1310 unus
720 1260 837 1318 avarus
854 1246 1009 1312 vendidit
1025 1245 1198 1332 bominem

50 1383 53 1390 .
92 1326 300 1402 Dominum,
323 1330 404 1414 alter
418 1331 616 1414 Theologus,
627 1329 788 1414 cognovit
803 1331 988 1396 Dominum
1005 1329 1196 1397 hominen:

94 1431 184 1474 unus
212 1411 328 1476 osculo
361 1411 509 1498 corporis
530 1433 651 1498 corpus
672 1413 830 1489 tradidit,
866 1415 947 1479 alter
969 1414 1092 1490 osculo
1106 1432 1199 1479 men·

95 1492 140 1556 tis
170 1489 319 1557 divinam
348 1512 496 1561 mentem
524 1482 653 1561 dilexit
697 1499 772 1564 Hoc
801 1510 912 1568 autem
934 1495 1029 1570 dieo,
1062 1510 1101 1568 ut
1122 1505 1196 1580 coge
1318 1501 1324 1517 ³

95 1596 214 1640 noscas
236 1579 327 1662 quod
347 1598 417 1651 non
441 1579 592 1644 locorum
614 1578 805 1654 intervalla,
822 1582 884 1648 ,led
905 1580 1102 1646 meritorum
1121 1597 1199 1662 qua·

94 1657 205 1722 litates
227 1658 358 1725 faciunt
377 1661 549 1728 hominem
572 1684 589 1725 a
616 1661 839 1748 propinquare
861 1660 1001 1737 Christo,
1016 1679 1074 1726 aut
1095 1663 1134 1724 ab
1157 1679 1198 1724 eo

93 1741 254 1826 elongari.
297 1743 393 1808 Hinc
411 1748 507 1808 datur
528 1685 672 1831 inteiligi
696 1767 811 1812 omnes
829 1746 981 1811 homines
996 1744 1098 1816 onius
1115 1748 1199 1822 ejus·

94 1827 240 1909 demque
268 1844 424 1902 naturae,
454 1849 539 1918 quac
560 1827 596 1894 in
620 1827 748 1894 Christo
769 1833 917 1894 redemta
942 1828 1003 1904 est,
1034 1826 1198 1913 omnique

97 1905 275 1985 lervitute‘,
306 1911 364 1976 lub
393 1931 459 1997 qua
480 1915 591 1977 adhuc
611 1911 832 1999 congemiscit
854 1929 888 1976 et
909 1914 1028 1986 dolet,
1048 1911 1197 1990 liberata,

92 1991 275 2078 participes
296 1996 376 2068 elle,
410 2010 443 2058 et
464 1993 501 2059 in
524 2017 691 2059 caunum
715 2017 831 2060 omnes
853 1995 1044 2072 saboneres,
1065 1992 1203 2072 merito,-

92 2097 170 2138 rum
193 2096 273 2141 vero
296 2077 471 2164 qualitates
494 2095 527 2144 ct
548 2078 771 2166 quantitates,
808 2081 875 2143 hoc
896 2079 939 2143 est
959 2082 1209 2154 bonorumlac.

67 2172 193 2240 ‘tuum
222 2162 454 2260 malorumque
487 2161 708 2234 differentias,
730 2161 870 2249 -quibus
899 2161 1131 2249 unusquisque
1162 2159 1199 2224 in

91 2245 157 2306 hac
177 2240 248 2306 vin
268 2244 355 2308 bene
377 2246 482 2319 vixit,
505 2249 638 2324 adjutus
662 2249 734 2310 Deo
757 2265 817 2331 per
839 2246 999 2332 gratiam,
1023 2246 1080 2310 sen
1101 2247 1198 2320 mdc,

96 2325 245 2390 desertus
268 2329 343 2390 Deo
364 2350 424 2426 per
445 2328 620 2407 justitiam„
647 2329 748 2426 longe
770 2350 789 2391 a
811 2329 1011 2394 seinvicem
1034 2345 1067 2392 et
1089 2327 1201 2399 multi·
1269 2361 1273 2369 x

93 2407 230 2506 pliciter
251 2425 285 2472 et
305 2409 341 2474 in
363 2411 537 2476 inlinitum
560 2412 730 2496 disparari.
776 2412 899 2476 Omnia
924 2428 1037 2476 autern
1059 2413 1141 2474 haec
1162 2410 1200 2477 in

93 2493 151 2556 alla
172 2514 240 2556 una
263 2508 297 2557 et
318 2494 511 2580 ampliffima
535 2497 635 2559 domo
658 2492 805 2560 ordinari
828 2492 862 2557 et
887 2493 1138 2580 comprehendi,
1161 2492 1199 2556 in
1253 2511 1255 2514 ’

96 2597 161 2661 qua
181 2576 368 2662 respublica
390 2577 611 2642 univerfitatis
634 2598 651 2640 a
672 2580 746 2642 Deo
771 2575 861 2648 etin
884 2581 957 2641 Deo
981 2575 1119 2650 condita
1137 2593 1200 2673 pet
1282 2602 1289 2655 J

94 2660 216 2723 multas
242 2659 451 2748 diversasque
472 2660 658 2758 dispenspta
679 2659 882 2734 mansionen
911 2663 978 2724 hoc
999 2660 1042 2723 est
1064 2674 1198 2730 mento·
1314 2731 1315 2736 η

94 2764 171 2807 rum
203 2759 237 2806 et
261 2745 440 2841 gratiarum
464 2749 703 2810 ordinationes.
748 2745 877 2808 Domus
898 2742 953 2807 illa
976 2741 1123 2820 Chrillue
1144 2741 1198 2817 est,

118 2825 155 2891 ui
176 2847 290 2891 omma
311 2828 416 2894 ambit
436 2829 579 2904 virtute,
607 2826 762 2914 disponit
779 2825 1012 2912 providentia,
1044 2847 1079 2888 re
1103 2825 1131 2887 it
1149 2829 1200 2903 ju·

94 2849 200 2984 iilia,
232 2927 329 2974 ornat
372 2909 472 2987 tatia,
508 2910 662 2978 continet
685 2909 900 2982 aeternitate,
934 2909 1053 2995 implet
1073 2848 1201 2993 tipice,

91 2992 162 3067 tia,
186 2993 320 3078 perficit
340 2935 577 3071 deificationu
600 2998 749 3080 paeoniam
771 3017 813 3060 ee
835 2987 925 3082 ipso,
949 3007 983 3058 et
1001 3013 1063 3075 per
1083 2983 1199 3084 ipsum,
1278 3012 1284 3041 t
1318 3064 1321 3074 Ι

96 3089 133 3140 ct
154 3079 188 3139 in
208 3073 298 3224 ἱρέα,
323 3093 357 3142 et
377 3081 423 3141 ad
444 3077 549 3173 ipsum
586 3092 644 3142 unt
663 3083 782 3144 omnia.
1068 3103 1072 3112 ’

141 3174 209 3244 Ι37.
274 3207 282 3224 .
312 3162 407 3246 Quae
435 3184 454 3226 a
482 3179 516 3226 te
571 3165 637 3227 icta
660 3163 750 3236 lunt,
783 3174 878 3226 recta·
897 3160 968 3225 fide
986 3155 1200 3225 credentibus

95 3258 256 3328 rectoque
286 3243 416 3308 intuitu
436 3268 547 3310 rerum
565 3261 702 3310 naturas
721 3243 1026 3332 perspicientibus,
1058 3261 1129 3306 non
1151 3240 1200 3304 lo·

93 3329 168 3393 lum
186 3325 418 3402 rationabilia,
441 3350 558 3394 verum
581 3328 682 3396 etiam
702 3325 891 3394 verisimilia
912 3330 1097 3412 probantur
1118 3323 1198 3388 effe:
1219 3391 1220 3396 γ

94 3409 247 3497 quamvis
278 3409 351 3485 his,
387 3410 446 3497 qui
474 3413 562 3476 nihil
587 3413 650 3476 elle
680 3411 851 3486 interea,
888 3431 974 3496 quae
994 3408 1145 3472 localiter
1166 3420 1201 3470 et

83 3493 326 3592 'temporaliter
352 3493 440 3557 intra
461 3498 555 3560 hunc
575 3497 741 3560 mundum
764 3492 946 3558 leolibilem
969 3491 1198 3572 continentur,

95 3592 267 3660 cogitant,
300 3575 513 3643 incredibilia
534 3600 572 3643 ac
593 3577 698 3642 veluti
721 3599 807 3642 vana
829 3575 1044 3640 deliramenta
1065 3573 1202 3641 videan-

93 3674 165 3734 tun
195 3659 395 3726 affirmantes
432 3663 527 3726 hunc
546 3664 712 3727 mundum
732 3658 916 3724 sensibilem
936 3659 972 3722 in
994 3657 1067 3719 suas
1088 3654 1200 3737 caulas

20 3791 23 3800 .
92 3763 166 3806 non
186 3744 395 3818 rediturum,
427 3766 539 3831 neque
559 3743 695 3830 penitus
719 3743 926 3841 periturum,
959 3741 1015 3806 led
1036 3737 1102 3802 luis
1124 3757 1202 3824 qua·

91 3823 246 3892 litatibus
259 3826 476 3900 ,solummodo
498 3827 703 3912 permutatis·
716 3850 754 3890 an
774 3826 916 3900 melius,
937 3822 1199 3918 permansurum,

3 3909 5 3912 ’
92 3905 162 3970 luis
191 3909 386 3994 corporibus
417 3911 660 3996 compositum,
688 3908 755 3981 luis
784 3908 871 3989 locis
899 3909 1098 3982 discretum,
1115 3907 1200 3974 ,lura

92 3991 303 4075 temporibus
326 3993 536 4068 distinctum,
560 3992 626 4057 luis
649 3991 799 4058 numeris
819 3989 1099 4077 multiplicatum,
1133 3986 1200 4053 luis
1314 4011 1316 4015 ’
1382 4067 1386 4086 ι

93 4072 361 4147 extremitatibus
392 4076 562 4149 ‘ambitum
578 4075 647 4174 „jn
666 4090 763 4174 parte
793 4073 863 4150 lui,
900 4070 1015 4146 veluti.
1034 4069 1199 4149 inferiori·

94 4155 294 4241 corporibus
321 4159 562 4248 animabusque
590 4175 774 4247 amptotttm
804 4158 946 4234 aeterni·
963 4155 1053 4244 ignis
1078 4159 1228 4233 ,tntdmc¹
