2856 4978
192 255 196 262 -
229 240 231 248 ⁴
288 213 366 284 att
399 152 402 173 Ι
627 215 1079 298 Defliviet'utholurue.

1306 287 1320 318 0

287 399 355 464 hoe
375 370 537 476 lie'llialie3
560 401 651 466 Alter
671 401 731 490 qui
752 400 937 468 nutritivae
956 403 1046 467 vitae
1061 404 1250 488 deputatur,
1270 399 1366 488 repffli

203 562 208 570 .
287 481 421 559 fimilia3
445 505 529 569 quoa
549 489 652 550 bomo
674 507 752 552 cum
775 485 915 552 caeterie
937 485 1136 552 animalibus
1148 480 1321 581 participat,
1342 492 1369 548 e't

286 565 460 651 reciproce
483 583 611 634 caetera
633 570 790 634 animalia
815 592 891 636 cum
915 569 988 656 ipso
1008 568 1218 657 participant.
1245 569 1367 631 videtne

285 648 392 735 igitur
412 651 585 717 bominem
609 652 646 717 in
672 653 831 719 omnibue
856 653 1075 728 animalibus,
1099 668 1134 716 et
1153 648 1262 716 omnia
1279 649 1368 736 inho

284 731 394 807 mine,
417 747 452 797 et
472 735 570 822 supra
592 737 707 802 omnia
729 736 930 803 bominem?
953 739 1041 802 Etsi
1063 734 1137 834 quie
1155 731 1308 798 intentior
1324 753 1368 796 nr·

284 829 381 880 turae
394 814 501 902 'iptiue
522 818 709 886 mirabilem
734 843 773 886 ac
792 820 931 908 penitus
943 821 1150 886 ineffabtlem
1162 814 1369 882 conditionem

283 897 491 983 inspexerit,
520 905 607 968 clare
638 903 812 979 inveniet,
851 906 997 969 eundern
1023 902 1196 970 bominem
1224 913 1257 964 et
1284 899 1369 964 loma

284 985 427 1068 quadam
459 985 496 1048 in
518 1007 641 1072 genere
662 987 859 1052 animalium
882 989 962 1064 elie,
1002 1004 1035 1051 et
1058 987 1154 1072 supra
1175 1001 1303 1049 omnem
1320 981 1371 1046 lor·

282 1086 371 1129 mam
395 1065 573 1133 animalem
596 1070 790 1148 sublistere3·
805 1092 845 1136 ao
865 1093 926 1158 per
947 1076 1014 1136 boc
1037 1085 1071 1134 et
1088 1065 1371 1133 affirmationem'et

282 1147 499 1236 negationem
540 1151 708 1240 recipere3
751 1169 785 1218 et
821 1157 862 1219 de
889 1176 930 1221 eo
962 1151 1148 1242 praedicari
1175 1164 1263 1214 recte
1285 1147 1370 1246 polle,

181 1301 188 1312 ,
282 1235 396 1298 Homo
419 1233 542 1300 animal
565 1235 627 1309 eli,
659 1241 771 1303 Homo
794 1238 917 1302 animal
938 1260 1009 1303 non
1034 1237 1087 1300 ett
1130 1239 1221 1298 Dum
1243 1251 1370 1296 eutmru

281 1313 294 1380 i
320 1316 354 1396 lo
378 1337 500 1404 eorpus
523 1334 557 1389 et
579 1319 651 1384 vita
670 1321 854 1396 nutritiva,
878 1335 911 1386 et
935 1311 1067 1393 lenius,
1092 1334 1125 1384 et
1147 1311 1301 1402 memoria
1316 1313 1371 1376 leu-

307 1399 444 1475 bilium,
476 1402 654 1489 omniaque
691 1404 930 1469 irrationabilia
951 1401 1141 1492 appetitur,
1173 1415 1214 1465 ut
1236 1397 1278 1463 et
1298 1395 1372 1494 luget

226 1504 235 1521 Χ
282 1496 317 1546 et
334 1482 513 1568 cupiditas,
534 1488 803 1564 confideruntur;
827 1486 968 1553 omnino
982 1487 1112 1552 Animal
1128 1483 1190 1566 elit
1211 1484 1372 1576 baecenput

282 1567 398 1630 omnia
419 1571 613 1635 communia
636 1573 714 1636 lunt
734 1571 785 1635 illi
808 1592 887 1646 cum
907 1570 1046 1636 caeteria
1061 1566 1277 1633 animalibus:
1298 1564 1373 1626 aluo·

279 1647 311 1712 ii
331 1671 413 1715 vero
435 1652 487 1716 [ui
508 1653 621 1739 parte‘,
643 1677 729 1741 quae
749 1652 881 1739 ratione
902 1654 1064 1728 conlillit,
1087 1667 1122 1716 et
1143 1651 1328 1742 intellectu,
1346 1657 1372 1707 et

278 1730 434 1798 interiori
457 1737 573 1814 sensu,
596 1759 674 1802 eum
697 1737 855 1804 omnibus
878 1737 943 1802 luia
958 1734 1217 1803 rationabilibus
1231 1731 1369 1820 mouban

278 1837 360 1904 quae
392 1817 534 1884 virtutes
565 1823 752 1907 appellant,
783 1841 928 1908 cumque
956 1837 1182 1888 aeternarum
1192 1814 1372 1913 divium·

277 1919 345 1985 que
365 1921 478 1966 rerum
500 1905 681 1978 memoria,
705 1903 1002 1973 omninobnimal
1023 1925 1094 1969 uon
1119 1901 1176 1966 elt
1220 1900 1253 1961 St
1276 1897 1370 1992 utdppt

278 1999 402 2048 cuncta
423 1987 508 2051 baec
530 1988 646 2051 eadem
660 1990 746 2051 „sunt
767 1987 900 2052 bomini
922 2011 999 2054 cum
1025 1983 1223 2053 coelestibus
1280 1993 1372 2075 euml·

277 2087 364 2152 quae
395 2087 497 2133 omne
524 2073 617 2156 quod
645 2070 681 2135 in
711 2070 907 2136 animalium
941 2089 1061 2136 natura
1082 2065 1371 2155 comprehendunt,

254 2150 476 2228 ,excellentia
497 2152 575 2216 suae
594 2171 740 2241 {naturae
761 2153 1071 2242 incomparabiliter
1088 2154 1261 2248 superant.
1288 2149 1374 2239 Recte

276 2230 399 2317 igitur,
429 2251 469 2298 ut
490 2234 653 2313 diximus,
685 2241 727 2302 de
747 2237 887 2304 bomine
909 2239 1053 2312 dicitur,
1075 2235 1213 2301 Animal
1234 2231 1373 2326 albim·

275 2317 343 2379 mal
363 2338 435 2380 non
458 2318 511 2384 est.
532 2371 535 2380 ,
557 2321 660 2405 Quod
682 2320 785 2386 etiam
807 2344 847 2384 ex
869 2323 1069 2386 auctoritate
1091 2316 1231 2384 divinae
1252 2315 1372 2398 tenpu-

274 2419 331 2462 rae
350 2401 521 2485 poliumue
543 2407 769 2471 corroborare.
813 2406 988 2491 Apostolus
1011 2405 1078 2480 ait,
1114 2399 1279 2468 Animalis
1296 2399 1374 2462 hotto

274 2504 338 2548 non
356 2489 503 2567 percipit
524 2509 607 2574 quae
623 2485 702 2576 [unt
718 2481 880 2578 spirim,-
900 2492 944 2552 Et
960 2489 1103 2562 iterum,
1128 2482 1318 2567 spiritualia
1332 2478 1375 2542 lu·
1388 2506 1404 2534 s

274 2589 326 2632 mo
349 2570 486 2656 judicat
511 2577 643 2648 omnia,
672 2571 752 2665 lpse
776 2595 856 2637 vero
884 2597 906 2636 a
920 2576 1057 2636 nemim
1077 2570 1295 2659 dijudicatur.
1333 2565 1375 2626 lu·

163 2669 167 2676 ’
273 2663 369 2714 tuere
391 2674 492 2739 quam
512 2657 620 2731 clare,
644 2677 743 2743 quam
766 2673 881 2746 aperte
900 2655 1093 2728 bominem,
1126 2650 1283 2716 velutin
1302 2650 1374 2712 ‹luot
1413 2719 1414 2728 ἵ

272 2733 429 2801 bominet
452 2737 587 2805 dividit.
617 2741 773 2826 Quorum
792 2763 883 2806 unua
905 2738 1041 2828 quidem
1060 2735 1218 2800 animalia
1235 2733 1288 2808 ett.
1308 2747 1374 2826 quq·

272 2819 365 2884 niam
398 2837 539 2887 naturae
561 2823 758 2914 animalium
779 2823 893 2890 fimilia
916 2821 1078 2896 conlistit,
1109 2839 1199 2907 quae
1221 2814 1305 2884 nibil
1324 2814 1374 2897 lpr·
1413 2855 1414 2932 p

271 2901 446 2969 ritualium
477 2905 514 2972 in
546 2907 579 2971 se
611 2907 749 2998 recipit:
779 2911 871 2974 Alter
890 2928 971 2972 vero
993 2902 1198 2991 spiritualia,
1231 2920 1297 2988 quo
1322 2897 1374 2958 ‘m
1413 2947 1414 2968 t

272 2987 417 3052 aeternio
447 3005 481 3052 et
503 2989 732 3076 spiritualibus
756 2989 947 3078 divmieque
971 2985 1205 3060 communicat
1225 2986 1284 3049 sub
1330 2999 1374 3044 eu·
1413 2971 1414 3028 l

273 3069 349 3148 tiit,
372 3069 544 3159 totiusque
566 3075 782 3142 animalitatia
805 3097 920 3161 expete
942 3073 1009 3148 est;
1034 3087 1068 3136 et
1091 3092 1129 3136 ea
1153 3065 1293 3157 quidem
1310 3079 1372 3152 pm
1413 3029 1414 3111 i

272 3174 338 3238 qua
359 3151 482 3218 animal
506 3157 565 3230 est,
596 3157 780 3225 Exteriorie
801 3157 968 3233 hominia;
1002 3174 1142 3219 cavero
1167 3167 1237 3240 qua
1258 3153 1373 3243 supetat

271 3253 402 3312 caetera
427 3237 585 3304 animalia
606 3258 641 3306 et
663 3243 708 3307 lei
736 3244 825 3318 ium,
858 3242 1082 3326 inquantum
1105 3235 1234 3302 animal
1257 3237 1315 3310 ett,
1333 3249 1373 3322 ¹¹¹:

272 3319 404 3384 terioria
435 3343 584 3409 congrue
617 3267 879 3412 appeliationem
899 3323 1032 3410 recipit.
1077 3327 1114 3386 ln
1137 3319 1194 3384 bie
1217 3319 1308 3385 enim
1327 3329 1374 3402 qm

218 3469 222 3478 ,
269 3401 487 3488 spiritualiter
507 3406 646 3484 vivunt,
684 3424 725 3473 ut
744 3408 835 3474 idem
859 3409 906 3472 ait
926 3407 1119 3494 Apostolus,
1149 3403 1373 3482 Eetertorto·

269 3509 322 3550 mo
350 3495 588 3572 corrumpitur,
619 3495 760 3556 interior
792 3516 872 3558 vero
895 3494 1013 3556 dedic
1035 3492 1373 3568 indiemrmouuw·

269 3570 339 3656 Qui
374 3572 466 3638 enim
497 3575 648 3660 perfecte
685 3575 773 3639 vivit
795 3577 1081 3662 omnino'corpus
1103 3575 1205 3638 suum
1229 3571 1373 3639 etviuu

268 3663 335 3743 qua
356 3654 442 3723 illud
464 3657 725 3736 administratur,
764 3679 949 3747 omnesque
971 3679 1152 3745 corporeoa
1175 3659 1290 3724 senine
1309 3665 1373 3716 cm
1412 3695 1413 3698 =

266 3739 319 3804 bia
348 3759 434 3825 quae
460 3763 522 3829 per
551 3763 608 3806 eoo
639 3743 786 3831 percipit
818 3765 1003 3842 omnesque
1037 3741 1290 3808 irrationabiles
1317 3749 1374 3835 μιθ-
1412 3743 1413 3779 l

267 3838 337 3895 tue.
374 3845 459 3910 quoe
487 3823 524 3889 in
546 3825 580 3889 le
603 3825 724 3902 sentit,
760 3849 837 3894 cum
860 3849 1014 3893 omnium
1035 3847 1148 3890 rerum
1170 3822 1373 3892 mutabilium

265 3907 447 3983 memoria,
469 3929 540 3974 non
555 3909 662 3973 solum
680 3911 816 4009 spernit,
838 3933 956 3976 verum
977 3909 1078 3974 etiam
1099 3926 1270 3995 quantum
1284 3894 1374 4055 pottst

266 4003 302 4052 ct
322 3992 509 4078 corrumpit
532 4007 566 4056 et
587 3993 741 4072 destruat,
764 4017 809 4060 ne
828 3994 899 4059 ullo
922 3996 1024 4059 modo
1039 3994 1077 4057 in
1091 4015 1133 4058 eo
1156 4013 1284 4080 praeva
1298 3995 1372 4080 aaut,

266 4085 302 4136 ct
322 4075 464 4140 omniuo
487 4073 598 4162 perire
619 4073 667 4139 eia
689 4091 724 4141 et
746 4099 785 4142 ea
805 4076 865 4144 libi
888 4076 1035 4165 appetit;
1057 4075 1206 4162 seipsum
1228 4083 1372 4148 vero,1¹¹

266 4171 431 4244 quantum
452 4155 604 4226 coelellie
625 4159 783 4226 clientiae
801 4163 970 4249 particept
993 4161 1059 4237 eli,
1081 4163 1125 4225 da
1144 4161 1207 4225 ata
1226 4165 1265 4227 in
1285 4159 1369 4224 dim·

492 4283 502 4308 Ι
615 4299 618 4302 ,,
