2854 4978
459 275 565 348 rerer
591 275 745 346 roae
896 353 909 379 ,
957 234 960 248 ’
1073 248 1150 350 'err

67 463 131 527 ium
149 461 361 544 privationum
381 459 472 538 dico,
491 455 561 558 sed
570 459 752 556 sonandum
773 463 999 527 excellentiam
1022 467 1056 527 in
1077 485 1147 528 uer-

67 549 100 612 io
117 545 426 628 comprehendimur,
449 559 483 610 et
493 543 580 644 sunt
593 551 630 612 in
649 570 686 613 eo
702 561 736 610 et
755 569 819 612 non
855 561 923 612 reno.
967 549 1055 611 Sunt
1077 548 1149 634 qui·

67 633 129 695 dem
149 629 424 717 quae'intellectu‘
445 629 501 694 feu
521 631 618 696 ieniu
639 621 862 718 colliguntur,
885 623 1051 702 noniunt
1065 627 1147 696 ve'ro

65 733 136 800 quae
161 727 292 778 omnem
320 713 449 777 sensum
473 729 507 778 et
527 714 738 780 intellectum
759 715 926 801 superant.
970 712 1073 800 Quod
1093 733 1148 778 au·

65 797 120 860 tom
138 797 262 874 'omnia
284 795 324 860 in
354 798 546 863 verbo‘Dei
569 815 602 862 et
624 815 758 862 aeterna
779 799 873 862 simul
896 815 930 862 et
949 799 1038 862 iacta
1060 799 1147 872 sunt,

62 881 353 944 lohannee'theolo
401 882 661 948 shauriensue
680 879 819 968 pectire
841 881 872 944 ia
899 881 1024 946 ientiae
1046 899 1148 947 aeter·

62 979 161 1050 natta
184 985 240 1027 uae
277 962 361 1027 intel
376 963 522 1051 igentiae
561 987 599 1030 ac
630 963 799 1030 veridicae
828 981 862 1028 te
889 982 982 1036 atur,
1020 966 1147 1042 dicent,

63 985 289 1196 ss‘pajmm
311 1047 416 1140 estin
437 1043 508 1142 ipso
529 1045 612 1114 vitu'
628 1063 710 1114 nat.
766 1049 844 1113 Sive
867 1049 941 1136 quis
964 1050 979 1112 s
998 1052 1149 1117 cundum

83 1124 144 1216 ugo
169 1133 266 1196 inum-
292 1133 336 1196 irc
363 1130 553 1220 distinguat.
578 1137 695 1231 pund
711 1130 852 1222 facum
879 1129 929 1224 ast
945 1133 977 1198 Io
997 1133 1097 1197 aliter
1115 1148 1151 1198 rt
1247 1199 1250 1208 ,

59 1220 267 1300 {corporaliter
287 1216 321 1278 in
342 1214 416 1306 ipso
435 1223 512 1281 vita
533 1233 615 1284 eruc
658 1221 736 1284 Non
760 1217 851 1281 enim
870 1219 1079 1282 'credendum
1095 1219 1148 1288 est,

61 1301 330 1364 aut'ulloruodo
361 1300 599 1367 aestimandum
632 1305 673 1366 de
697 1299 902 1366 solertiffimo
924 1301 1076 1366 veritatis
1098 1301 1150 1364 in·
1203 1365 1210 1376 ,

59 1383 218 1469 quifitore‚
248 1390 426 1469 'propterea
448 1386 672 1473 Evangelium
695 1385 836 1450 noluiffe
858 1383 1078 1482 distinguere,
1110 1399 1150 1447 ut

57 1465 223 1532 instrueret
241 1469 335 1553 quod
355 1467 483 1534 fectum
506 1470 550 1533 est
569 1466 722 1534 localiter
743 1469 777 1532 et
799 1472 1044 1560 temporahter‚
1078 1485 1149 1556 non

57 1549 225 1624 inruho,
257 1549 314 1613 fed
345 1551 453 1616 veluti
482 1568 572 1616 extra
600 1557 741 1617 verbum
763 1549 890 1617 iactum
914 1553 1017 1615 fuitie.
1062 1553 1149 1616 Cum

57 1633 134 1699 idem
158 1634 228 1722 ipse
256 1633 390 1698 sanctur
411 1633 571 1702 videlicet
590 1635 792 1724 Augustinus
813 1633 1072 1700 manifestiffimo
1094 1637 1150 1699 do·

58 1731 132 1792 cert,
159 1734 192 1780 et
212 1719 289 1782 loca
310 1731 345 1780 et
366 1732 517 1804 tempora
538 1735 616 1786 curn
637 1721 797 1806 hisquae
821 1715 928 1783 ineis
951 1721 1038 1783 iacta
1062 1719 1148 1794 sunt,

57 1797 85 1862 in
103 1803 198 1867 verbo
220 1797 288 1865 Dei
308 1801 520 1868 aeternaliter
541 1805 604 1867 effe
627 1803 724 1868 iacta.
770 1802 966 1887 Intelligene
987 1801 1151 1866 veraciter

58 1880 232 1969 Apostolum
265 1881 437 1949 dicentem
466 1888 508 1950 de
529 1889 634 1956 verbo
654 1887 691 1951 in
715 1907 781 1973 quo
804 1903 913 1951 creata
937 1887 1013 1948 sunt
1036 1885 1151 1950 omnia

58 1985 128 2064 qnae
153 1969 230 2032 funt
259 1966 296 2032 in
328 1966 449 2045 coelio,
482 1985 517 2033 et
570 1992 634 2035 uae
661 1971 698 2035 in
728 1985 814 2034 terra
835 1970 901 2034 irre
916 1968 1065 2054 'rifibilia
1086 1969 1152 2034 five

58 2049 227 2118 rnvifibilia.
274 2052 323 2114 Ac
342 2073 404 2136 per
423 2055 491 2118 hoc
512 1993 640 2120 ctione
663 2069 697 2120 et
717 2068 869 2140 tempora
891 2067 969 2118 curn
990 2052 1151 2117 omnibus

58 2151 128 2220 quae
152 2134 187 2199 in
210 2134 261 2200 eit
283 2133 524 2212 continentur,
556 2135 593 2207 in
612 2155 758 2202 numero
779 2135 960 2220 vifibiliurn
983 2132 1078 2210 sunt,
1115 2135 1152 2200 id

57 2216 105 2292 eii,
130 2217 343 2284 ienfibilium.
388 2219 513 2284 Omnia
541 2236 654 2286 autem
683 2219 844 2296 vifibilia,
878 2221 967 2284 teii'e'
982 2219 1150 2306 Apostolu,
1234 2217 1237 2226 ’

56 2295 85 2364 ἱιι
108 2303 206 2367 verbo
234 2303 319 2366 sunt
344 2317 473 2382 creeta;
507 2303 582 2368 loca
610 2303 717 2391 igitur
745 2317 780 2368 et
808 2319 875 2368 tem
903 2323 959 2369 ora
983 2302 1153 2367 eror‘nnia
1188 2343 1196 2348 -

55 2381 191 2470 quaein
221 2385 273 2451 cie
301 2384 443 2449 suntin
477 2385 582 2451 vefbo
606 2403 716 2452 creata
738 2388 834 2451 sunt:
871 2326 945 2451 iive
958 2385 1153 2474 (impliciter
1279 2431 1282 2436 -

55 2466 243 2552 praedictam
273 2467 503 2554 Evangelistae
530 2471 733 2535 sententiam
760 2470 1051 2556 secunclutn‘alioe
1078 2468 1153 2556 quie
1263 2483 1267 2488 ”

53 2550 332 2634 pronuntiaverit,
351 2551 505 2618 ¹elicene‘i
543 2557 633 2642 qnod
651 2549 789 2644 fuctum
813 2553 863 2652 est
884 2551 1033 2648 inipso.
1069 2552 1152 2617 acfi

55 2631 232 2701 distinxerit⁴
251 2634 359 2699 veluti
392 2637 432 2699 ab
461 2636 527 2700 alio
551 2651 728 2703 'commate
757 2635 954 2722 incrpiene,-
979 2635 1048 2700 vita
1072 2651 1153 2700 erat.

54 2715 100 2781 Sic
119 2720 205 2784 enim
227 2722 435 2784 Graecorum
455 2719 591 2784 codices
613 2720 807 2784 invenimus
830 2717 1020 2794 distinctor,
1042 2733 1083 2781 ut
1102 2716 1154 2780 in·

54 2801 226 2890 telligamue
248 2805 342 2890 quod
364 2803 491 2867 iactum
514 2801 614 2867 estin
637 2802 709 2890 ipso
732 2821 800 2868 tem
828 2802 1026 2871 crealiter-et·
1040 2797 1153 2866 locali·

54 2895 95 2946 ter
135 2905 169 2950 er
188 2884 465 2976 generationem.
487 2885 557 2950 vite
579 2902 650 2950 erat
671 2824 884 2950 aeternaiiter
903 2907 964 2972 per
974 2883 1152 2958 rationem.

52 2967 92 3030 M.
112 2909 194 3035 ²iion
226 2991 307 3056 ergo
329 2968 463 3034 dubitat
486 2990 603 3034 omnes
626 2970 780 3033 omniurn
804 2971 937 3044 causae,
964 2969 1154 3046 causarum·
1178 2993 1183 2998 ·

53 3069 108 3136 que
126 3073 244 3124 omnes
266 3052 407 3116 effectus
429 3052 466 3116 in
489 3057 592 3118 verbo
615 3065 750 3118 aeterna
772 3055 852 3134 effe,
890 3068 924 3118 et
946 3053 1055 3127 iacta,
1088 3071 1155 3115 nec

52 3155 97 3199 me
117 3135 210 3202 aliter
231 3139 353 3202 docere
377 3135 535 3201 aestimat.
910 3146 912 3156 '
938 3172 941 3182 ·

105 3219 143 3282 D.
171 3225 224 3285 De
247 3218 447 3284 aeternitate
468 3218 622 3284 omnium
647 3223 757 3306 deque
782 3241 899 3286 eorum
921 3217 1095 3284 creatione
1115 3216 1153 3282 in

53 3303 162 3377 verbo,
195 3300 310 3390 nequi
333 3301 470 3380 dubito,
509 3324 621 3391 neque
643 3303 739 3368 aliter
764 3319 796 3368 te
819 3307 940 3369 docere
961 3319 1065 3390 puto,
1097 3302 1155 3366 sed

53 3381 250 3452 iolutnmodo
272 3407 415 3474 quaero,
439 3383 611 3533 utromodo
633 3387 748 3453 omnia
769 3387 806 3451 in
827 3391 932 3474 verbu
953 3385 1041 3472 patri
1060 3399 1155 3449 coae-

52 3477 136 3534 terno
157 3469 274 3536 omnia
296 3485 430 3535 aeterna
464 3485 527 3534 unt
541 3471 666 3557 *limuh
691 3487 725 3534 et
747 3473 848 3546 iacta.⁴
887 3473 966 3536 Non
989 3469 1093 3542 enim,
1115 3481 1156 3531 ut

52 3550 197 3632 arbitror,
230 3552 358 3630 rationi
389 3553 569 3630 convenit,
602 3569 643 3616 ut
670 3569 705 3617 et
733 3555 821 3619 iacta
849 3555 914 3617 snrt
937 3567 1089 3622 aeterna,
1122 3564 1156 3613 et

53 3649 172 3701 aeterna
192 3637 301 3715 iacta,
325 3638 417 3700 nulla
438 3635 600 3724 liquidem
622 3635 813 3701 differentia
834 3633 1006 3702 videbitur
1029 3634 1092 3696 effe
1105 3630 1157 3697 in·

52 3727 93 3780 ter
112 3720 344 3786 aeternitatem
365 3716 590 3785 unirerfitatie
612 3716 650 3783 in
669 3724 796 3795 verbo,
820 3733 855 3782 et
874 3717 1101 3791 creationem
1131 3713 1156 3780 fi

52 3804 219 3870 aeterniter
248 3805 292 3869 est
322 3820 451 3882 create,
487 3819 522 3869 et
548 3803 675 3869 creatio
709 3819 853 3868 aeterna.
899 3803 947 3866 M.
980 3800 1089 3868 Miror
1117 3817 1158 3864 ac

51 3885 317 3962 redentionem,
341 3905 443 3976 quare
458 3888 595 3986 ¹qrrroerio
617 3885 784 3952 rationem
805 3885 842 3950 in
863 3885 917 3951 hio
939 3883 1064 3974 quibua
1087 3903 1157 3948 om·

51 3965 96 4032 nit
115 3971 199 4038 ratio
223 3971 357 4047 deficit,
393 3969 685 4056 aut'rntoilectum
705 3971 741 4035 in
764 3968 817 4036 hir
840 3990 927 4056 quae
947 3979 1084 4034 omnent
1105 3968 1157 4030 iu-

51 4067 159 4134 perant
177 4055 403 4121 intellectum.
443 4053 535 4121 Nutu
557 4045 705 4120 aestimas
726 4052 864 4121 divinae
886 4052 1157 4200 sapientiaefiro·
1204 4069 1213 4078 ’

50 4136 183 4216 potrum
203 4138 433 4205 intellectibus
455 4155 513 4205 aut
526 4138 695 4214 humanis,
718 4155 778 4203 aut
793 4136 963 4226 Angelicic
979 4137 1069 4236 potio
1108 4132 1156 4198 eri

51 4219 263 4298 menifestum,
282 4226 363 4290 dum
376 4223 512 4308 mystica
524 4222 582 4289 itta
596 4223 678 4311 legio
692 4222 849 4312 animaiit
865 4221 924 4287 alie
938 4222 1016 4296 iure,
1035 4229 1069 4282 et
1083 4220 1155 4283 vul·

641 4335 823 4408 ⁸15*
