2930 4982
471 273 577 343 Mser
599 275 762 357 Maura.
1089 275 1173 346 483

60 465 211 548 Ideoque
232 457 297 524 ait:
332 457 382 523 Et
401 461 499 522 mitra
518 470 609 522 nrum
620 452 801 553 spiritum,
824 469 859 521 rt
876 459 1081 524 orabuntur.
1124 463 1173 525 Ae

58 547 84 611 fi
117 543 266 609 diceretr
294 541 447 628 spiritum
474 540 627 618 vitalem,
663 565 764 628 quem
785 539 907 618 sacilli,
938 543 1072 619 emitte,
1106 548 1173 609 hoc

58 629 105 694 est
143 626 254 692 emitti
285 641 319 690 et
350 625 460 690 redire
494 625 531 689 in
563 645 704 712 corpora
736 645 830 713 quae,
853 626 1083 712 temporaliter
1118 632 1174 692 de·

60 709 167 776 seruit
196 709 341 775 naturali
372 706 526 796 appetitu
553 708 731 795 permittet
772 713 825 780 Et
853 711 1027 776 renovabis
1040 707 1173 799 faeiem

56 809 186 870 terroe,
222 797 290 858 boc
322 792 365 856 esi
396 791 551 858 adunatis
581 791 847 891 inseparabiliter
875 794 1072 879 corporibus
1105 795 1173 862 suia

56 875 220 942 vitalibus
243 876 415 964 speciebus
435 875 630 940 restaurabis
649 875 877 963 integritatem
900 893 1054 951 naturae,
1086 899 1172 964 quae

58 962 231 1026 vocabulo
268 975 374 1022 terrae
403 959 541 1042 myllice
569 959 782 1045 significatur.
841 961 945 1045 Quod
972 961 995 1024 si
1025 961 1173 1048 cuipiam

58 1041 263 1110 incredibile
289 1039 426 1106 videtur
455 1058 488 1106 et
515 1056 632 1106 contra
660 1045 847 1108 naturalem
876 1041 1062 1118 rationem,
1093 1043 1173 1109 irra-

58 1123 239 1191 tionabilia
262 1126 440 1224 ,sensuque
472 1125 620 1191 carentia
655 1125 691 1190 in
729 1127 911 1191 humanam
947 1125 1089 1191 transire
1116 1149 1174 1192 na·

57 1215 187 1274 turan'rt
208 1208 356 1295 primum
378 1223 531 1273 intentus
554 1207 785 1295 conspicetur,
810 1213 902 1296 quod
917 1207 1094 1275 inferiores
1109 1215 1173 1276 bu·

56 1313 180 1358 marrae
209 1307 349 1356 naturae
396 1308 505 1368 artes-,r
537 1291 667 1356 sensum
691 1292 768 1358 dico
791 1312 990 1384 corporeum
1014 1309 1047 1357 et
1068 1295 1175 1358 nutri·

56 1377 162 1440 tinam
192 1374 298 1438 vitam
328 1315 507 1462 ipsumque
527 1393 669 1460 corpus,
706 1375 988 1441 irrationabilium
1012 1377 1174 1464 sensuque

57 1455 247 1524 carentium
267 1479 344 1523 =nec
375 1480 459 1522 non·
480 1474 688 1522 terrenorum
714 1479 893 1544 corporum
917 1459 1174 1552 coaditionibua

57 1541 245 1607 srrnillimae
267 1542 353 1604 sunt.
396 1541 550 1606 Attrita
573 1541 635 1626 οὓς
666 1538 748 1628 quid
770 1541 894 1606 mitum
916 1557 974 1606 aut
995 1543 1175 1610 incredibi-

57 1628 90 1689 le
114 1625 176 1700 esi,
200 1625 224 1687 st
245 1624 365 1700 similia
386 1624 422 1688 in
446 1623 495 1686 sui
519 1623 655 1703 similia,
688 1625 724 1690 id
740 1625 791 1688 'esi
811 1623 849 1690 iu
871 1625 1060 1724 superiora,
1092 1649 1174 1714 quo·
1204 1618 1211 1631 ’

57 1730 136 1772 rum
166 1706 401 1771 firnilitudines
429 1707 524 1783 sunt,
555 1707 753 1771 transcen-ts
791 1709 869 1772 Non
900 1731 991 1773 enam
1013 1711 1182 1776 naturalis
1247 1769 1251 1776 .
1282 1693 1286 1706 ⁸
1383 1693 1391 1716 ⁵

58 1791 147 1855 ratio
175 1789 254 1855 sinit
289 1783 472 1876 supe'riors'
494 1789 535 1868 ,in
556 1789 719 1855 inferiora
738 1790 880 1864 mutari,
911 1790 1071 1857 inferiora
1093 1815 1174 1859 vero

59 1872 232 1961 superiora
254 1873 455 1938 naturaliter
473 1883 640 1960 appetunt
660 1873 776 1960 eisque
798 1874 949 1940 adunari.
991 1875 1177 1961 Perspiciat
1222 1947 1225 1957 ¹

57 1979 195 2045 quoque
222 1955 388 2044 paffiones
418 1955 657 2021 irrationabilia
694 1971 883 2028 creaturae,
923 1979 1004 2045 quaa
1036 1975 1176 2045 propter
1222 1967 1232 2046 ζ

57 2043 170 2106 casum
198 2039 347 2104 hominis
378 2061 394 2104 a
430 2037 598 2125 dignitate
619 2039 754 2104 divinae
775 2039 933 2126 imaginis
954 2040 1092 2106 insertas
1114 2043 1173 2107 fibi

82 2145 168 2188 oena
200 2126 344 2210 quadam
373 2122 504 2208 peccati
525 2127 681 2188 'bumana
711 2138 830 2186 natura
865 2137 1058 2206 attraxerat:
1092 2147 1174 2211 quas

57 2209 171 2272 instas
192 2205 391 2272 naturaliter
413 2221 490 2270 ante
511 2206 639 2298 lapsum
661 2227 732 2270 non
754 2209 916 2281 babebat,
941 2209 1071 2272 moveri
1084 2211 1175 2293 polle

58 2291 97 2356 in
118 2289 172 2354 bis
216 2290 254 2353 ui
275 2289 419 2378 perfecti
442 2289 601 2364 sunt,·in
623 2287 766 2352 virtutes
786 2291 966 2356 naturales.
1005 2290 1175 2356 Paffiones

58 2389 172 2439 autem
194 2313 272 2438 isco
292 2374 503 2459 voluptatem
526 2387 560 2435 et
577 2370 767 2458 ¹tristitiam,
790 2372 1106 2458 concupiscentiam
1129 2391 1175 2438 at·

57 2479 126 2546 qne
148 2456 327 2532 timorem,
352 2472 386 2520 et
408 2477 492 2542 quae
515 2477 558 2518 ex·
575 2454 627 2518 his
650 2469 854 2528 nascuntur,
881 2455 1013 2539 quasin
1030 2455 1174 2521 virtutes
1246 2485 1249 2494 ¹

59 2541 154 2628 posse
175 2541 299 2604 mutari
322 2539 463 2604 dublum
485 2559 556 2601 non
580 2537 633 2601 esi.
664 2537 763 2601 Verbi
784 2536 908 2624 gratia,
931 2533 1176 2684 concupiscen-

63 2624 113 2688 tia
145 2624 281 2711 quidem
312 2620 551 2686 intellectualis
580 2618 774 2686 divinorum
803 2619 973 2706 appetitus
996 2623 1037 2685 de
1064 2625 1180 2687 deran-

59 2707 148 2771 tium
172 2723 330 2794 operatur
350 2719 503 2769 motum:
524 2706 680 2789 voluptas
695 2721 777 2768 vero
791 2701 977 2767 innocuam
991 2704 1177 2772 nutritivae

62 2789 170 2855 animi
192 2785 409 2876 operationis·
422 2786 603 2850 laetitiam:
628 2785 730 2851 timor
752 2785 892 2884 qunque
908 2785 1042 2852 suturae
1064 2787 1101 2852 in
1123 2793 1178 2854 de·

15 2909 16 2912 ¹
58 2874 152 2938 lictis
173 2871 352 2959 providam
375 2868 516 2934 ultionis
538 2891 672 2934 curam:
694 2869 777 2934 item
796 2869 926 2933 tristitia
942 2867 1177 2940 correctricem

60 2957 99 3021 in
131 2955 298 3042 praesenti
332 2957 501 3042 malorum
526 2952 784 3040 poenitentiam.
828 2948 864 3016 sl
893 2971 973 3046 ergo
1000 2953 1176 3041 passiones,

16 3079 17 3112 r
60 3061 144 3142 quas
166 3037 340 3103 rationalis
360 3053 481 3102 natura
503 3056 543 3099 ex
563 3035 786 3100 irrationabili
807 3035 843 3098 in
867 3036 1004 3123 seipsam
1032 3039 1177 3104 deduxe-

16 3165 17 3198 ;
60 3139 134 3196 rat,
157 3121 193 3185 in
216 3123 384 3186 naturales
408 3120 540 3184 animae
561 3119 696 3205 possunt
716 3118 839 3184 mutari
860 3119 1024 3202 virtutes3
1046 3131 1107 3186 cur
1126 3123 1178 3187 in·

61 3204 226 3271 credibile
249 3203 286 3268 stt
306 3204 410 3291 ipsam
432 3202 759 3267 irrationabilitatem
781 3199 817 3265 in
840 3203 1057 3269 altitudinem
1076 3206 1177 3272 ratio·

59 3287 248 3354 nabilitatis
270 3286 510 3354 transmutaris
536 3289 620 3350 Nam
639 3301 673 3350 et
687 3284 839 3370 superbia
855 3288 1057 3374 quaeveluti
1075 3305 1178 3378 caput

60 3371 168 3437 totius
189 3369 337 3434 malitiae
357 3368 572 3456 perhibetur,
611 3369 648 3432 in
672 3389 818 3434 amorum
841 3370 988 3435 coelestis
1013 3377 1176 3438 excellen-

59 3457 130 3520 tiae
153 3471 186 3518 et
207 3454 244 3517 in
268 3454 461 3539 despectum
484 3466 636 3516 terrenae
656 3450 864 3516 infirmitatis
888 3452 924 3516 ἰὴ
947 3453 1046 3518 bonis
1067 3457 1178 3521 homi-

57 3539 167 3604 nibus
194 3536 355 3612 vertitur,
395 3533 530 3600 dicente
557 3535 731 3626 aposiolot
748 3537 860 3682 Iplatee
875 3530 1008 3627 Jursron
1017 3531 1107 3634 sunt
1117 3533 1179 3630 sn·

56 3615 156 3706 pite}
185 3633 219 3683 et
249 3641 313 3685 non
340 3641 423 3702 qraae
440 3614 551 3706 ¹jasper·
569 3633 701 3683 tenum.
778 3619 1176 3708 renites-'que‘drcendum

57 3707 196 3770 nullum
226 3702 350 3767 vitium
382 3703 445 3765 esse
478 3705 571 3790 quod
602 3702 639 3768 in
671 3701 894 3788 sapientibus,
928 3702 1043 3766 divina
1073 3703 1179 3789 gratia

59 3799 243 3875 operante,
281 3785 405 3851 mutari
426 3784 462 3849 in
485 3785 648 3854 virtutem
669 3805 739 3849 non
761 3785 871 3873 possrt.
903 3789 961 3849 ‘Ac
982 3786 1026 3848 lic
1048 3787 1090 3853 de
1110 3809 1179 3850 ma·

58 3871 137 3936 litia
165 3869 259 3934 solet·
280 3869 353 3934 lieri
386 3867 539 3944 bonitas,
570 3872 612 3934 de
640 3869 795 3935 bonitate
824 3884 935 3932 autem
966 3887 1180 3956 nequaquam

60 3953 205 4020 malitia.
224 3975 226 3980 ·
247 3953 359 4016 Virtus
391 3951 554 4040 liquidem
582 3951 746 4020 bonitatis
769 3951 974 4016 contrarium
996 3952 1046 4014 sui
1068 3969 1179 4017 mutat

61 4039 101 4103 in
126 4035 264 4124 seipsam
307 4034 455 4100 malitiae
475 4037 561 4101 vero'
574 4039 720 4103 dedecus
737 4035 900 4100 bonitatis
912 4033 1179 4120 pulcritudinem
1290 4095 1294 4100 .

62 4122 260 4186 decolorare
276 4083 479 4206 impossibile
502 4121 556 4184 est.
594 4121 630 4209 Si
650 4119 765 4208 itaque
788 4117 871 4182 vitia
892 4117 928 4180 in‘
944 4116 1087 4185 uirtutes
1099 4143 1178 4185 cum

64 4203 127 4271 tibi
154 4201 305 4270 invicem
332 4201 505 4286 contraria·
524 4205 611 4282 filit,
642 4201 773 4271 moveri
802 4221 873 4270 nou
902 4221 1084 4287 negamus:
1120 4223 1180 4308 cur

690 4320 771 4391 31·
842 4335 850 4354 ·
