2856 4978
155 155 160 168 ¹
279 149 383 288 sore
613 167 1064 288 naimonem

210 431 212 438 v
291 399 396 466 tione
424 397 596 488 possumut
630 397 818 489 perspicere
845 419 984 466 omnem
1002 413 1185 466 creaturun
1203 397 1239 466 in
1257 400 1374 473 homine
1417 421 1418 456 t

240 519 258 577 q·
297 481 473 566 conditam
501 482 620 550 fuisses
655 487 742 549 Nam
773 483 802 549 fi·
826 482 900 573 quit
922 482 1044 550 dixerit
1060 482 1250 550 universam
1270 501 1373 550 creatu·

298 589 372 634 ram
402 567 452 633 bit
483 566 673 656 cqnditem,
705 565 817 652 primo
867 566 983 632 uidem
1018 566 1200 654 specialiter
1226 563 1259 634 in
1280 569 1373 666 seipsa,
1417 623 1418 634 ,

298 650 447 718 secundo
475 672 558 716 vero
580 649 836 740 generalitertin
882 651 1014 725 omine,
1046 671 1116 716 non
1136 648 1232 716 facile
1251 653 1374 716 credide

298 734 363 800 rim
383 731 509 799 rationi
529 733 721 800 convenire.
765 727 854 820 Quia
874 734 898 798 sr
918 733 967 800 ita
988 733 1050 809 cll,
1072 733 1237 820 propriam
1257 734 1375 800 subilm-

297 818 381 882 tiem
400 819 504 883 homo
525 839 596 883 non
619 816 775 894 habebit,
799 818 856 883 sed
876 816 939 882 erit
958 815 1066 881 veluti
1088 820 1247 904 quaedam
1263 819 1375 913 bonpo-

296 899 372 969 fitio
404 903 588 968 multarum
608 909 739 975 rerum,
777 899 846 965 imo
869 899 970 966 etiem
992 899 1097 966 totiue
1122 916 1284 966 creaturae
1302 921 1375 986 pnut

296 984 421 1062 sactae,
452 1001 488 1050 et
517 1007 586 1051 une
613 984 791 1070 multiplex
813 982 1084 1048 diverse-formio
1106 1007 1165 1048 exa
1211 982 1336 1048 enutio:-
1351 995 1377 1045 tt

295 1071 389 1156 quod
418 1068 462 1133 ell
483 1063 635 1156 gravius,
669 1065 828 1132 fiomnie
850 1083 1000 1135 creatura
1021 1068 1087 1132 sive
1106 1006 1224 1133 vilifir'
1263 1065 1323 1130 sne
1338 1063 1377 1128 in·

293 1150 434 1217 vifibilir
464 1151 500 1216 in
531 1152 635 1240 seipse
656 1149 890 1239 perfectissime
910 1151 998 1215 fectu
1020 1149 1085 1226 est,
1116 1151 1283 1236 perfectu·
1301 1147 1388 1232 tiqui·-

296 1238 374 1302 deru
403 1235 561 1301 conditor
592 1239 672 1300 dum
694 1235 751 1312 fit,
789 1248 823 1298 et
842 1236 1019 1330 plusquam
1041 1234 1233 1320 perfectut,
1267 1233 1376 1297 nullum

293 1317 532 1406 imperfectum
560 1317 720 1384 credibile
741 1318 785 1382 ell
805 1316 1007 1391 condidisse,
1039 1320 1210 1416 quomodo
1230 1313 1329 1379 veluti
1344 1313 1377 1376 se·

292 1405 441 1468 cundem
463 1401 541 1467 suae
560 1399 768 1467 conditionis
789 1399 1032 1488 perfectionem
1053 1423 1090 1464 m
1105 1399 1247 1466 homine
1260 1395 1376 1492 accepit.

294 1486 355 1572 qui
382 1501 550 1554 extremue
581 1483 617 1549 in
649 1483 777 1550 divinit
798 1481 1052 1569 operationibus
1074 1497 1225 1570 creatura
1255 1480 1327 1546 etsi
1342 1494 1376 1541 ru

294 1569 357 1644 ell,
379 1590 450 1635 non
476 1572 518 1634 de
538 1567 648 1633 nihilo
660 1567 744 1632 fecit
759 1571 851 1631 Deua
864 1567 1038 1631 hominem
1050 1569 1092 1632 ad
1103 1567 1172 1632 ima
1198 1567 1286 1632 'nem
1297 1563 1377 1656 suen.

89 1649 95 1672 ’
207 1686 214 1702 =
293 1653 351 1717 sed
373 1647 414 1718 de
435 1650 487 1716 hie
510 1673 595 1739 quae
617 1666 694 1716 ente
716 1649 825 1736 ipsum
847 1650 934 1714 fucta
957 1650 1043 1715 sunt.
1089 1651 1169 1735 Quo
1216 1646 1326 1734 liquis
1344 1645 1379 1706 dt·

224 1781 229 1786 -
291 1735 396 1812 xerit,
418 1737 606 1800 humanum
627 1755 748 1819 corpue
769 1755 840 1796 non
864 1736 906 1802 de
927 1732 1054 1806 nihilo,
1077 1734 1134 1798 sed
1157 1735 1199 1799 de
1214 1730 1319 1816 aliquo
1333 1743 1380 1822 ten

292 1839 397 1894 reno,
421 1817 583 1883 videlicet
602 1819 698 1891 luto,
722 1816 899 1880 conditum
921 1813 1037 1889 fuisse,
1061 1815 1145 1901 quid
1170 1816 1315 1882 dicturne
1333 1821 1381 1872 ent

293 1904 337 1967 de
357 1900 492 1965 meliori
513 1899 661 1966 hominia
682 1913 796 1986 parte,
820 1919 905 1986 quae
926 1899 995 1963 fine
1016 1897 1121 1964 dubio
1139 1900 1177 1964 in
1200 1898 1308 1964 anima
1320 1913 1381 1960 con·

161 2059 162 2062 Ἴ
291 1984 405 2048 llituta
426 1984 490 2058 οὓς
525 2005 626 2070 quam
648 1985 730 2046 flatu
755 1980 891 2056 divino,
923 1981 993 2046 imo
1016 1983 1134 2047 flatum
1157 1979 1327 2064 divinum.
1351 1977 1382 2038 de

289 2066 401 2134 nihilo
422 2063 613 2140 conditam,
636 2087 707 2130 non
721 2080 834 2130 autem
850 2067 891 2128 de
905 2065 1018 2151 aliquo
1033 2066 1214 2131 credimur.
1237 2065 1289 2130 NL·
1303 2063 1383 2158 lianc

147 2171 158 2186 ·
291 2149 518 2237 quaellionem
531 2151 638 2214 multa
652 2147 715 2212 cali
741 2148 798 2212 ine
813 2147 1002 2212 involutam
1017 2148 1143 2225 sentio,
1168 2145 1384 2233 multiplicem·

291 2254 357 2332 que
377 2231 588 2298 reserationie
611 2232 687 2296 suae
709 2171 902 2296 riculeum
924 2253 1100 2317 quaerere3
1124 2234 1183 2298 sed
1205 2255 1249 2296 ne
1265 2226 1383 2327 penitus

157 2363 158 2368 η
290 2332 418 2382 intacta
445 2315 664 2408 transiliatur,
699 2313 804 2400 ipsam
833 2317 1101 2400 quodammodo,
1130 2332 1237 2403 prout
1262 2327 1384 2408 interior

290 2399 401 2464 divini
431 2399 571 2464 luminis
598 2399 712 2463 radiue
742 2396 904 2471 arriserit,
938 2413 1074 2465 contem
1099 2399 1164 2463 lari
1192 2399 1381 2465 conabimur·

288 2481 505 2569 deprimunt
530 2483 619 2548 dicae
644 2481 784 2569 quaeso,
806 2496 921 2544 utrum
942 2502 994 2548 ree
1010 2422 1245 2580 intelligibiles
1261 2475 1385 2544 seuseu·

166 2585 172 2604 ⁸
289 2565 418 2644 sibilet,
448 2565 577 2665 priore·
606 2567 686 2630 sunt
716 2563 830 2629 animo
861 2561 995 2650 quiete
1017 2563 1200 2652 intelligit,
1232 2565 1288 2628 vel
1307 2557 1386 2624 sensu

144 2717 162 2732 ,
290 2670 359 2738 quo
380 2650 583 2714 sentiuntur.
625 2651 668 2712 D.
691 2647 756 2715 Ubi
777 2646 870 2712 aliud
893 2647 936 2711 ell
950 2650 1044 2734 quod
1057 2647 1242 2738 intelligit,
1267 2662 1298 2710 et
1311 2639 1384 2706 aliud

198 2789 201 2802 ,
288 2735 382 2822 quod
401 2733 630 2832 intelligitur,
663 2729 866 2820 e'tlmeliorie
887 2745 1027 2795 naturae
1049 2730 1093 2796 cll
1114 2735 1212 2819 quod
1234 2725 1338 2794 intelli
1359 2723 1386 2796 ¹1,
1417 2793 1418 2816 ,

288 2827 390 2915 quem
410 2819 504 2904 quod
524 2813 749 2900 intelligitur,
770 2812 977 2900 intelligenti
998 2813 1112 2882 animo
1134 2817 1197 2888 seu
1218 2803 1313 2879 sensu
1344 2827 1386 2900 eu:

287 2898 389 2964 tuenti
408 2921 480 2964 rem
502 2898 729 2974 intellectam,
759 2898 818 2960 seu
838 2897 935 2961 sensu
956 2900 1219 2983 apprehensam,
1249 2891 1386 2984 praeced}

289 3003 362 3048 non
384 2981 573 3068 incongrue
591 2979 740 3046 dixerim.
789 2985 855 3045 Res
877 2997 988 3044 autem
1010 2979 1096 3067 ipsae
1118 3004 1209 3070 quae
1230 2983 1263 3045 se
1284 2975 1386 3044 intelli·

335 3081 396 3143 nt,
418 3064 642 3164 inquantum
660 3065 696 3129 se
716 3062 907 3165 intelligere
927 3063 1066 3150 pollint,
1086 3089 1160 3165 pon
1180 3060 1323 3164 dixerim
1336 3055 1384 3120 effe

287 3164 392 3307 ,iii‘
411 3149 1024 3318 lli'zlnllt,”lzltlt’ll’nl
1044 3151 1385 3299 liisff‘biioulll

284 3335 342 3379 me
362 3253 446 3392 elie,
468 3335 532 3383 nec
553 3314 666 3380 'tamen
688 3336 744 3378 me
763 3309 935 3400 praecedit
955 3315 1095 3378 scientia
1115 3315 1205 3385 mei:
1231 3314 1310 3402 quie
1329 3327 1386 3374 non

286 3395 379 3462 eliud
403 3399 492 3474 sum,
523 3415 557 3464 et
579 3399 671 3464 aliud
692 3397 918 3484 scientiaque
939 3417 993 3462 me
1013 3399 1101 3474 scio,
1131 3415 1167 3463 et
1192 3399 1218 3462 fi
1240 3393 1385 3474 nescirem

283 3501 341 3546 me
362 3483 442 3559 elle,
465 3502 536 3548 non
557 3480 722 3546 nescirem
744 3479 900 3568 ignorare
920 3503 975 3544 me
997 3483 1077 3557 effe3
1102 3504 1140 3548 ac
1162 3503 1230 3568 per
1254 3485 1319 3548 hoc
1333 3475 1386 3568 fit?
1417 3523 1418 3546 ;

283 3563 429 3641 scivero,
451 3566 519 3630 save
539 3564 713 3630 nescivero
734 3587 789 3628 me
811 3564 1050 3648 elle,.scientia
1072 3588 1142 3630 non
1167 3568 1312 3637 carebo,
1337 3577 1385 3622 mt-
1417 3547 1418 3612 l

147 3727 149 3732 Ι
203 3695 204 3698 ,
282 3647 319 3714 bi
351 3647 443 3713 onim
477 3648 666 3714 remanebit
685 3646 1026 3734 scireignorantiam.
1067 3651 1112 3711 Et
1133 3650 1157 3712 fi
1181 3669 1291 3712 omne
1311 3637 1387 3730 quod
1417 3641 1418 3710 l

281 3731 389 3832 polest
418 3727 546 3798 nescire
577 3733 611 3796 se
640 3731 751 3820 ipsum
782 3731 931 3806 nescire,
965 3753 1036 3795 non
1058 3733 1165 3816 potest
1186 3732 1345 3818 ignorare
1362 3723 1387 3784 se
1417 3713 1418 3784 l

281 3815 393 3902 ipsum
414 3816 495 3890 else3
519 3837 598 3880 nuru
620 3817 643 3878 st
665 3813 801 3902 penitue
823 3837 893 3880 non
918 3816 1012 3892 esset,
1035 3837 1106 3880 non
1128 3817 1236 3880 sciret
1257 3811 1385 3897 seipsum

281 3897 429 3974 nescirer
458 3899 661 3972 conficitur,
693 3896 834 3978 omnino
857 3899 921 3962 elle
943 3919 1044 3964 omne
1067 3901 1160 3986 quod
1181 3899 1251 3964 scit
1271 3899 1305 3962 le
1326 3893 1387 3988 ede,
1417 3941 1418 3960 r

279 3982 336 4048 ve'l
356 3981 418 4046 scit
438 3980 472 4044 se
491 3981 622 4046 nescire
641 3982 675 4045 le
697 3983 770 4046 elle.
798 3979 833 4044 Si
851 3981 927 4070 quit
946 3999 1060 4048 eutem
1082 3999 1176 4050 tante
1199 3981 1385 4069 ignorante

269 4061 422 4129 'obrutus
445 4063 506 4140 est,
538 4079 577 4147 ut
599 4085 664 4132 nec
680 4064 828 4152 seipsum
849 4063 914 4132 else
933 4065 1029 4142 sciat,
1052 4087 1118 4132 uec
1138 4067 1228 4132 scire
1253 4061 1386 4153 seipsum

241 4169 251 4184 ¹
281 4149 344 4214 esse
374 4145 513 4224 sardan
544 4163 604 4214 eut
629 4147 769 4238 ponitur
801 4149 901 4216 telem
921 4169 995 4214 non·
1014 4149 1077 4221 effe
1098 4151 1303 4226 hominem,
1336 4157 1385 4210 tut
1417 4159 1418 4178 l
