2922 4978
469 271 586 355 'uter
605 283 771 372 nonan
922 273 934 284 ’
1098 289 1176 362 ⁴101

69 485 149 534 vero
176 463 214 534 in
245 464 531 537 consecrationem
558 468 786 557 baptismatis.¹
824 469 865 540 Iu
889 469 1001 558 primo
1032 474 1173 543 homine

70 553 215 616 bumana
235 566 354 615 natura
375 551 509 618 tunicae
530 551 684 618 induitur
701 552 876 642 pelliceae,
899 558 966 624 hoc
987 558 1031 623 esi
1050 575 1173 626 morta·

69 635 115 702 lia
135 655 273 722 corpora
295 634 411 700 relicta
431 635 577 701 naturali
595 637 770 714 nuditate,
803 637 965 704 videlicet
984 641 1173 709 finceritate

70 723 104 784 et
122 717 354 806 simplicitate:
378 718 414 782 in
437 721 584 786 secundo
605 725 722 788 eadem
742 720 874 788 tunicae
895 722 1057 812 spoliatur
1078 723 1175 813 pelli·

70 796 159 877 ceae',
182 803 277 871 omni
298 800 529 870 imbecillitate
549 804 742 871 mortalium
763 826 942 893 corponam
954 824 1116 896 peremta,
1138 821 1174 874 et

67 885 239 962 nuditate.
261 887 298 953 id
315 887 358 950 est
373 887 582 974 simplicitate
593 889 748 974 pristinae
758 905 897 954 naturae
912 907 1059 979 recepta.
1079 893 1174 958 Haec

67 969 173 1056 igitur
203 985 241 1034 ut
293 969 512 1048 raediximuo,
548 994 632 1072 quae
662 973 734 1060 posi
760 974 913 1060 soporem
933 974 1113 1042 immissum
1133 973 1174 1040 in

66 1057 232 1119 adamum
260 996 376 1122 divina
397 1071 509 1120 narrat
528 1054 677 1130 historia,
714 1056 867 1144 quamvia
887 1056 924 1121 in
945 1059 1097 1144 paradiso
1117 1078 1176 1124 ve·

66 1136 131 1200 luti
162 1137 249 1203 sacta
281 1140 456 1226 legantur,
493 1137 726 1204 rationabilius
748 1155 920 1205 tamen-et
939 1141 1073 1206 veritati
1094 1161 1175 1208 con·

65 1222 260 1310 gruentina,
282 1207 353 1309 psosl
373 1237 550 1310 peccatum
573 1245 612 1288 ac
631 1243 692 1321 per
711 1226 777 1289 hoc
798 1239 889 1288 extra
898 1224 1095 1372 paradisum
1112 1227 1175 1288 hu·

65 1327 185 1370 manae
208 1321 348 1370 naturae
368 1306 489 1374 merito
511 1306 764 1372 inobedientiae
779 1307 895 1392 supera
921 1307 991 1374 dita
1006 1310 1176 1374 credenda

64 1404 100 1454 et
121 1387 342 1476 intelligenda
362 1391 449 1455 sunt.
502 1389 538 1455 Si
559 1390 649 1455 enirn
699 1389 840 1454 lantatio
861 1391 926 1455 Dei
949 1407 983 1458 et
1003 1391 1175 1480 paradisus

61 1471 100 1536 in
126 1471 249 1538 delitiis
272 1474 310 1536 fit
330 1475 478 1539 humana
499 1487 619 1540 natura
640 1496 657 1537 a
699 1471 765 1538 ima
792 1473 882 1539 'nem
895 1475 960 1540 Dei
977 1476 1076 1550 sacta,
1099 1473 1175 1539 nul·

62 1555 164 1642 laque
202 1555 498 1654 praevaricationia
528 1555 733 1644 contagione
787 1557 965 1636 eformata;
1010 1555 1176 1645 quicquid

61 1653 155 1704 extra
177 1639 377 1728 dignitatem
398 1656 537 1707 naturae
558 1643 722 1729 causaque
747 1641 881 1787 peccati
903 1643 1029 1708 sactum
1051 1639 1176 1706 intelli·

62 1721 173 1812 gitur,
203 1745 263 1788 cur
291 1745 361 1790 non
394 1723 494 1790 etiam
517 1740 608 1790 extra
629 1724 743 1812 paradi
760 1745 818 1790 um
841 1725 936 1790 fuisse
957 1748 1028 1791 non
1049 1721 1176 1790 intelli·

61 1821 217 1894 geretur,
248 1807 380 1894 ignoro.
437 1810 517 1874 Non
541 1807 662 1896 ignoro
684 1824 796 1874 autem
817 1807 1060 1875 usitatissimum
1079 1804 1176 1874 Divi·

62 1913 130 1955 nae
157 1889 339 1980 scripturae
367 1907 520 1979 tropum,
552 1893 612 1981 qui
634 1915 652 1957 a
673 1893 808 1958 Graecia
834 1887 975 1986 ὕστερον
997 1887 1174 1985 πρότερον,

62 1995 81 2038 a
102 1972 234 2038 Latinio
256 1996 336 2040 vero
358 1976 604 2064 praepollerum
627 1978 684 2042 sen
705 1975 933 2064 Anticipatio,
979 1999 1057 2042 uam
1076 1979 1176 2040 Grae·

61 2078 102 2122 ce
124 2053 301 2148 πρόληψιν
324 2058 460 2154 dipunt,
483 2075 644 2144 vocatur3
668 2080 735 2148 quo
756 2062 949 2126 Matthaeua
996 2056 1176 2147 vangelista

61 2139 141 2204 usna
175 2141 238 2216 est,
271 2139 454 2228 passionem
484 2159 519 2208 et
546 2142 825 2209 resurrectionem
853 2143 997 2211 Domini
1024 2159 1175 2209 narrana-

9 2289 10 2292 ,
61 2225 110 2287 Ea
133 2211 295 2310 siquidem
317 2247 404 2312 quae
423 2227 676 2295 resurreetionia
700 2225 842 2292 articulo
863 2228 952 2290 sacta
974 2229 1068 2300 sunt,
1102 2220 1176 2312 pas·

64 2305 164 2372 fiunis
190 2309 272 2372 hora
298 2309 442 2375 evenisse
471 2309 596 2375 scribit.
649 2308 707 2375 Ait
728 2309 837 2384 enim,
866 2304 963 2402 Jasrm
981 2323 1091 2372 autem
1113 2311 1175 2372 ite·
1279 2373 1290 2392 Ι

63 2413 133 2454 rum
162 2391 307 2456 clamans
333 2415 415 2457 voca
435 2417 556 2478 magna
577 2394 685 2483 emifit
706 2395 888 2474 Spiritum?
918 2406 954 2456 rt
976 2415 1047 2455 eece
1067 2391 1175 2455 velum

61 2475 179 2558 templs
193 2470 323 2568 finffum
348 2475 397 2568 ss
418 2479 452 2542 in
473 2479 557 2544 duas
577 2493 694 2561 partes
713 2496 735 2537 a
747 2473 879 2570 summo
901 2497 999 2562 usqua
1015 2467 1175 2566 dandum,
1237 2485 1246 2498 ¹

63 2556 102 2622 et'
126 2572 216 2622 terra
247 2574 338 2626 mota
366 2559 434 2652 ss,
464 2576 499 2626 et
517 2575 637 2646 petrae
646 2556 705 2653 sei
733 2583 773 2624 ae
784 2561 886 2648 June,
915 2572 951 2625 et
970 2571 1177 2625 monumenta

61 2663 84 2704 a
109 2657 183 2706 ertu
201 2637 303 2730 June,
339 2659 374 2710 et
400 2647 504 2711 musta
531 2668 671 2729 corpora
707 2657 876 2710 anctorum
896 2647 955 2729 qur·
973 2645 1187 2722 dormieram,

52 2665 289 2820 sineremur,
321 2743 355 2792 et
384 2745 541 2796 exeuntes
569 2731 612 2793 dr
632 2731 850 2796 monumentis
870 2726 948 2817 post
967 2721 1176 2819 resurreetio·

61 2831 135 2872 nem
163 2808 250 2896 ejus·
281 2829 440 2878 venenant
473 2819 508 2885 in
521 2811 679 2908 sanetum
699 2815 873 2878 civitatem
896 2825 931 2876 et
949 2815 1176 2894 appararentur

61 2893 184 2956 mustis.
230 2893 323 2955 Haec
351 2898 464 2956 omnia
493 2903 586 2972 juxta
612 2921 724 2964 rerum
746 2897 910 2964 factarum
931 2893 1049 2952 seriem
1069 2887 1175 2952 resur·

60 2974 248 3040 rectionem
272 2975 413 3040 Domini
434 2976 546 3040 secuta
567 2976 663 3051 sunt;
699 2975 755 3039 sed
776 2971 949 3060 praedicto
971 2969 1175 3037 narrationis

59 3074 161 3158 tropo
184 3057 256 3144 post
273 3058 454 3145 passionem
470 3057 566 3122 fuisse
582 3057 790 3148 Evangelisla
805 3055 916 3122 voluit
926 3075 1069 3120 narrare.
1092 3056 1174 3120 Non

61 3165 155 3208 enim
192 3144 398 3208 credendum
437 3143 481 3206 est
513 3142 655 3207 aliorum
683 3157 905 3207 monumenta
933 3155 1047 3227 aperta
1078 3137 1176 3204 faisse

84 3227 258 3314 nunquam
280 3225 351 3326 ipse
372 3227 469 3291 suum
490 3227 634 3313 aperiret
654 3241 931 3301 monumentum,
955 3237 1014 3288 aut
1034 3237 1112 3287 ante
1133 3221 1174 3286 il·

59 3250 112 3374 ior
134 3331 234 3374 verae
255 3332 314 3398 qur
335 3309 587 3376 resurrectionis
610 3309 704 3376 testea
721 3311 816 3387 sunt,
839 3311 1034 3396 resurgeret.
1064 3307 1176 3394 Sopor

58 3391 178 3479 itaque
205 3395 329 3468 Adam,
364 3395 575 3494 sequenoque
597 3415 675 3460 eum
698 3393 879 3469 dormitur,
916 3408 952 3456 et
972 3389 1096 3456 ablatio
1119 3409 1176 3456 co·

59 3477 147 3551 siae,
181 3490 215 3538 et
245 3476 360 3542 divisio
384 3476 542 3578 simplicia
564 3494 704 3542 naturae
724 3477 762 3542 in
784 3475 955 3563 duplicem
975 3475 1108 3548 sexum,
1140 3485 1176 3537 et
1288 3533 1290 3543 .

57 3557 199 3643 mystica
218 3559 331 3624 uxoria
353 3581 393 3625 co
417 3575 524 3636 mtto,
548 3577 744 3649 caeteraque
757 3582 851 3660 'quae
871 3557 908 3623 in
925 3557 1032 3646 figura
1053 3552 1175 3655 christi

60 3659 95 3708 et
116 3642 285 3707 Ecclesiae
305 3583 526 3732 praesigurata
548 3645 642 3709 sunt:
665 3660 818 3732 cognitio
842 3659 977 3732 quoque
996 3641 1174 3738 nuditatis,

57 3729 127 3792 boc
159 3724 204 3795 est
224 3741 364 3791 naturae
384 3723 600 3802 nucerinen,
630 3742 730 3814 atque
751 3726 829 3792 ideo
852 3746 923 3790 non
946 3726 988 3789 de
1008 3722 1079 3810 ipsa
1100 3741 1174 3786 ern·

56 3811 266 3887 beacebant,
297 3831 403 3898 quum
433 3809 599 3875 virtutum
620 3809 770 3900 tegmina
789 3809 1037 3906 induebantur,
1066 3805 1175 3870 delec-
1219 3811 1222 3819 ’

56 3893 251 3960 rationibua
271 3913 353 3960 vero
373 3893 656 3961 irrationabilium
677 3909 832 3960 motuum
854 3912 996 3959 omnmo
1012 3889 1173 3965 absoluta,

125 4000 178 4060 m·
192 3979 367 4066 peccando
397 3977 614 4067 perdiderant
634 3993 669 4044 et
682 3979 863 4127 perdendo
886 3985 1174 4063 recognoverantt

73 4062 162 4128 eurr
182 4077 297 4128 autern
317 4061 421 4130 suaso
443 4063 606 4151 serpentia
618 4077 663 4128 ‘et
697 4063 837 4139 ubtlola,
858 4058 1078 4147 mulierisque
1094 4073 1175 4123 cnm

57 4137 218 4230 serpente
245 4145 431 4235 ditputatio
462 4160 564 4234 atque
593 4144 763 4226 seductio,
797 4165 838 4212 ae
865 4147 908 4211 de
934 4143 1050 4208 fructu
1074 4135 1175 4206 vetiti

57 4221 152 4313 ligni
171 4221 293 4295 illicita
305 4229 470 4310 assumtio,
494 4229 697 4322 lethiferque
714 4229 845 4318 misna,
866 4224 932 4298 viri
946 4236 1081 4312 quoq&
1093 4235 1190 4297 ⁰0¹²·
