2930 4982
151 1335 157 1346 ·
193 1361 196 1370 .
312 1321 534 1394 contemptaa.
579 1310 674 1394 Quae
706 1327 848 1376 cunctae
873 1303 900 1373 'fi

193 1549 197 1558 ,
310 1469 383 1537 vel
401 1478 618 1560 temporalem
640 1478 694 1542 vel
716 1475 918 1552 sensibilem,

239 191 246 202 ’
299 169 393 278 'aaa
650 208 705 276 ue
723 206 905 288 bentona
924 183 1100 278 nunni

314 412 359 458 ne
386 391 541 458 insinuat.
576 385 682 481 'Astyr
710 391 837 480 qnippe
858 389 1000 472 dieitur,
1030 391 1099 457 hoe
1120 369 1165 454 ess
1185 397 1223 454 et
1239 395 1329 478 p'aulo
1347 395 1387 457 su·

312 475 675 624 lislessiiilisl.
691 477 815 624 'biles
834 473 1388 636 illisiodisb‘sijiliill‘li

274 675 280 682 ·
313 605 398 705 ratiti
420 641 464 707 est
484 641 630 718 tristitia,
658 643 712 705 vel
733 663 880 719 maeror,
909 583 972 706 >irel
991 603 1114 708 luctui.
1137 635 1261 728 ’Ἄχας
1279 580 1392 728 qirique

313 725 399 790 solet
426 725 602 812 appellari,
632 728 704 790 hoc·
728 725 786 790 ess·
801 723 1039 814 desperationis
1061 722 1227 812 gravitas,
1255 745 1330 810 quae
1347 727 1390 788 de·

209 845 224 852 ··
312 807 436 874 mersaa
458 809 688 895 oppressasque
709 810 811 874 rnalaa
833 807 1052 896 eupiditatea,
1075 807 1229 895 egestatea
1250 823 1392 892 tempora·

311 891 398 956 lium
418 913 529 956 rerum
552 899 633 978 quaa
650 891 686 955 in
699 895 762 956 hac
778 889 848 958 vita
864 892 1126 976 intemperanter
1142 889 1392 976 concupiverant,

315 970 472 1039 afflictaa'
490 976 595 1038 veluti
631 973 666 1040 in
709 974 995 1062 profundissimam
1024 977 1191 1060 quandam
1223 972 1396 1070 voraginem

313 1057 418 1144 inque
446 1079 608 1122 vanarum
639 1059 882 1144 phantasiarum
903 1079 1013 1124 rerum
1035 1057 1237 1139 sensibilium
1257 1055 1396 1140 caliginat

313 1139 350 1204 in
383 1140 504 1226 quibua
534 1141 744 1218 cruciantur,
781 1143 911 1218 obruit,
941 1141 1140 1228 divinaeque
1163 1137 1338 1203 sententiae
1355 1138 1396 1200 in·

312 1225 544 1289 commutabili
568 1228 656 1290 mole
676 1227 916 1312 perpetualiter
937 1227 1075 1322 calcatae
1099 1239 1133 1287 et
1154 1219 1399 1287 irrevocabiliter

308 1389 484 1457 infernum
521 1403 599 1456 cuns
631 1392 788 1457 omnibus
818 1392 883 1457 suia
901 1307 1259 1540 iipjlicliiinribnaliellti
1276 1307 1401 1452 iltrrlaelceii

969 1496 1011 1539 eu
1033 1497 1069 1538 an
1093 1474 1205 1559 aliqua
1226 1487 1316 1559 parte
1334 1491 1400 1555 qna·

314 1569 392 1621 tuor
412 1561 655 1623 elementorum
667 1595 692 1636 ,·
713 1559 835 1648 quibua
855 1559 912 1623 isse
931 1561 1078 1638 mundua
1100 1555 1329 1626 constituitur,
1355 1573 1402 1616 ne

312 1661 379 1726 que
414 1641 449 1706 in
474 1654 546 1706 toto
568 1643 670 1730 ipfiua
692 1644 927 1726 constitutum3
957 1642 1012 1706 sed
1034 1640 1194 1729 quiddam
1217 1639 1351 1724 lugubre
1368 1637 1402 1700 la·

313 1723 556 1812 crimabileque
581 1747 765 1813 graveque,
803 1723 1043 1826 desperationia
1075 1725 1217 1811 plenum
1245 1715 1402 1786 inevitabi-

175 1793 178 1800 -
205 1827 211 1840 “
311 1807 458 1895 lemque.
483 1830 671 1883 csfssssrem·
713 1825 747 1875 et
783 1831 935 1876 ornnrurn
971 1811 1139 1873 bonoram
1179 1805 1349 1892 egessatem
1376 1799 1405 1864 in

255 1890 265 1902 ’
310 1890 526 1976 phantasticis
546 1892 794 1981 vanissimisque
816 1892 1000 1961 visionibus
1016 1889 1257 1957 incunctanter
1274 1905 1403 1972 pronun·

309 1972 416 2042 ciant.
459 1979 501 2038 D.
532 1980 583 2040 De
611 1977 764 2052 inferno,
796 1980 905 2065 deque
933 1975 1093 2040 tomentia
1122 1973 1201 2038 satia
1237 1971 1282 2035 ess
1302 1983 1406 2033 actum.

308 2058 400 2122 tram
440 2059 698 2124 luculentissime
738 2062 868 2126 suasum
897 2059 1041 2124 estnon
1077 2059 1140 2124 esse
1169 2050 1407 2120 substantialiter

300 2161 392 2204 -eam
412 2141 448 2205 in
470 2157 590 2206 natura
612 2142 794 2244 visibilium
816 2161 850 2210 et
870 2141 1108 2240 invisibilium
1131 2140 1297 2238 qnoniam
1314 2151 1408 2220 neque

310 2223 517 2376 illaesi
538 2223 1410 2395 stltaltlllltssssllfflstssdstlsfllll

311 2388 436 2456 liberae
455 2393 641 2458 voluntatis
664 2392 820 2469 arbitrio,
843 2392 1016 2480 ipsamque
1032 2389 1289 2456 damnationem
1301 2391 1408 2451 bonan

313 2473 393 2547 esse,
428 2497 497 2540 non
519 2476 624 2539 solum
647 2463 726 2562 quia
748 2478 884 2557 justam,
916 2490 1017 2540 omne
1038 2473 1201 2561 siquidem
1223 2471 1343 2552 julium
1362 2469 1407 2528 bo·

217 2559 219 2564 ’
311 2577 412 2634 ιιιιιιι;
441 2579 559 2622 rerum
589 2559 689 2623 etiarn
725 2560 804 2648 quia
838 2560 928 2624 intra
950 2557 1081 2622 divinae
1103 2559 1194 2656 leges
1220 2571 1259 2620 et
1278 2569 1411 2637 pompae·

312 2637 474 2706 stenditur
501 2656 537 2706 et
567 2641 759 2716 ordinatur,
795 2641 885 2707 intra
906 2663 987 2730 quaa
1033 2641 1173 2728 uiaqurd
1191 2639 1265 2712 est,
1300 2640 1411 2701 bonum

313 2739 347 2788 et
365 2725 486 2802 ballum
511 2725 573 2790 esse
596 2740 630 2788 et
650 2727 824 2790 bonoilum
846 2725 975 2790 necesse
997 2665 1061 2798 ela,
1084 2724 1174 2810 ipsae
1197 2721 1304 2786 etiam
1324 2719 1412 2805 pbaa·

312 2807 408 2873 taliae
429 2808 466 2873 in
488 2807 610 2895 quibua
636 2807 700 2872 erit
721 2813 831 2874 bonae
853 2811 942 2873 sunt.
985 2811 1070 2872 Nam
1093 2822 1127 2870 et
1148 2808 1289 2870 umbrae
1311 2817 1412 2896 corpq

311 2910 386 2954 rum
415 2913 496 2979 quaa
522 2911 625 2954 vanae
653 2891 716 2955 eise
742 2913 844 2957 nemo
879 2890 1043 2978 ambigit,
1080 2889 1261 2955 slendore
1288 2886 1412 2949 luminu

310 2974 462 3062 undique
482 2970 643 3038 coarctari
665 2989 699 3037 et
721 2976 802 3039 oriri
821 2973 997 3050 videmus,
1019 2913 1113 3036 nihil
1124 2969 1353 3070 turpitudinia
1369 2965 1414 3026 stu

195 3125 198 3137 ,
312 3057 528 3122 inhonestatis
563 3056 787 3142 pulcritudini
805 3057 894 3122 lucia
915 3058 1112 3122 inserentea.
1155 3058 1243 3120 Vade
1266 3065 1414 3151 quantam

312 3141 502 3204 ornamenti
538 3139 715 3225 laudisque
753 3143 979 3227 perfectarum
1018 3139 1206 3202 animarum
1243 3131 1417 3200 virtutibat

239 3231 245 3246 '
274 3263 280 3274 ·
313 3237 540 3308 comparatur,
574 3226 654 3286 dum
684 3222 772 3285 intra
803 3225 836 3286 se
863 3223 948 3286 vitia
971 3221 1168 3286 coambiunt
1190 3233 1300 3306 atque
1321 3231 1415 3281 coare·

313 3321 404 3378 tant,
438 3305 563 3390 suoque
594 3303 784 3380 dominatui
806 3303 967 3390 subigunt
986 3319 1020 3368 et
1040 3305 1257 3378 refraenant,
1287 3299 1416 3387 legibue

312 3401 378 3474 que
401 3387 525 3452 divinia
548 3387 721 3460 ordinant,
745 3410 789 3451 ne
810 3388 845 3450 in
868 3388 1076 3473 profundum
1098 3386 1279 3462 malitiae,
1304 3383 1415 3473 anima

312 3494 394 3558 quaa
415 3485 582 3536 conantur
604 3491 834 3556 corrumpere,
870 3486 1033 3555 mergant.
1077 3471 1184 3556 Saepe
1206 3469 1318 3534 etiam
1362 3483 1415 3528 ent·

226 3567 233 3586 ¹
313 3569 366 3618 tue
388 3577 426 3620 ea
448 3554 531 3619 vitia
547 3551 769 3640 extinguunt,
792 3555 889 3638 saepe
905 3555 941 3618 in
963 3553 1151 3640 semetipsaa
1168 3489 1415 3617 transfundunt

292 3637 358 3701 ita
388 3653 428 3701 ut
455 3655 489 3702 et
516 3635 600 3701 vitia
630 3636 666 3700 in
703 3635 846 3701 virtutes
866 3651 1052 3701 vertantur.
1097 3639 1193 3722 Quae
1215 3636 1313 3702 ratio
1335 3635 1415 3696 daces

311 3741 381 3785 non
410 3719 551 3786 omnino
582 3717 666 3784 vitia
687 3721 773 3784 mala
792 3718 878 3794 elle,
912 3720 970 3783 sed
991 3719 1121 3784 illicita.
1164 3718 1200 3784 si
1226 3722 1326 3785 enim
1347 3711 1417 3777 mala

311 3805 430 3878 essent,
459 3823 670 3890 nequaquam
693 3802 729 3866 in
751 3803 894 3882 virtutes
913 3802 1037 3868 mutari
1059 3804 1213 3890 possent,
1252 3811 1416 3879 ceteraque

310 3883 450 3962 familia,
483 3907 568 3973 quae
598 3906 676 3950 eum
709 3901 825 3950 contra
854 3899 1009 3950 naturam
1031 3907 1071 3950 ex
1092 3885 1259 3974 perversae
1281 3878 1417 3948 madan

311 3967 477 4036 abufiouia
515 3967 627 4032 libera‘
657 3970 835 4034 voluntate
873 3967 1084 4034 rationabilia
1113 3983 1262 4034 naturae
1292 3963 1416 4050 seipsam

234 4083 241 4093 ·
311 4051 430 4135 sponte
452 4051 508 4122 sue
529 4049 731 4136 captivantia
752 4052 888 4118 videtur
908 4051 1096 4138 insurgeret
1118 4046 1356 4115 universitatia
1378 4059 1413 4108 ta·

310 4154 389 4199 men
420 4131 692 4202 ordinationibua
722 4156 793 4201 non
823 4134 977 4204 sanatur
1000 4151 1141 4212 nocere,
1176 4131 1299 4221 magia
1321 4144 1415 4198 auten

437 4242 450 4268 Ι
