2856 4978
350 275 353 283 =
462 249 573 326 me
596 255 752 330 uetus
881 239 907 321 Ἀ
1081 251 1161 328 sor

47 441 90 506 se
112 437 285 526 erigerent.
327 439 431 528 Quod
463 439 536 541 ipse
564 439 766 529 Gregorius,
795 439 834 506 sn
867 451 963 521 r7rno
982 438 1096 542 capite
1114 439 1160 508 ds

57 526 220 622 larogirrf,
250 524 352 610 plane
382 540 499 612 aperit.
541 525 821 625 Namposiqnam
841 523 928 590 dixit
946 523 1159 592 irratronabi·
1205 567 1212 583 ·
1293 525 1298 544 '

57 609 119 672 lent
139 627 284 672 turmam
304 627 377 672 non
399 610 463 672 esse
481 629 560 674 vere
582 619 746 684 ammam,
767 609 870 694 paulo
914 606 1156 688 ollsubjunxlt,

57 693 201 755 Discunt
220 703 385 756 amatores
404 696 513 757 omnir
531 715 594 758 non
613 692 715 758 valde
738 631 972 780 dotristbs'iibus
1001 694 1159 758 seeum

47 767 172 922 'iiam
191 775 334 857 alligare
353 777 622 863 intelligentiam,
632 769 701 882 ssd
720 778 942 840 tumtunm
956 799 975 843 o
986 776 1158 868 servatio·

81 862 87 878 '
171 879 312 924 umore:
337 881 419 924 vern
443 863 568 946 prtippe
586 883 699 926 onemo
718 863 753 924 in
773 860 956 926 hominihus
975 857 1158 954 considero·

53 955 121 1019 sur,
146 937 266 1036 sensus
284 965 364 1010 nero
385 946 485 1009 etr'oss
505 948 541 1009 its
561 941 1043 1029 irnionabist’brtsaequoliter
1061 945 1157 1008 habs·

55 1039 116 1091 tur.
158 1029 204 1089 D.
236 1025 477 1115 Unusquisque
503 1031 596 1115 qnod
623 1029 700 1093 vult
726 1027 846 1114 eligat,
878 1043 913 1093 et
940 1031 1033 1115 quod
1061 1027 1159 1116 eligit

53 1109 222 1198 seqnstnrt
266 1130 330 1175 nos
361 1125 475 1177 autem
507 1113 551 1176 ad
581 1131 738 1198 eaquae
767 1109 889 1176 restant
919 1112 1188 1182 confiderandn
1260 1181 1279 1205 ν

56 1205 268 1257 transeamus.
599 1251 602 1259 .
1092 1259 1097 1272 ,

106 1285 157 1355 42.
192 1277 243 1342 Μ.
268 1275 460 1342 Producant
485 1299 592 1365 aquas
619 1277 740 1360 reptile
772 1279 1093 1352 mecinensis,
1122 1289 1159 1342 st

52 1357 184 1422 uolatile
202 1354 313 1452 super
338 1373 460 1426 ter-ram
477 1359 546 1464 snb
564 1361 778 1454 firmamento
798 1363 890 1427 coeli·
933 1360 1001 1428 Hie
1022 1379 1158 1449 quoque

54 1440 186 1507 subaudi
207 1442 339 1508 animae
359 1444 525 1521 viventis,
548 1460 588 1510 nt
608 1444 776 1544 intelligas
796 1441 936 1510 rolrtrle
957 1444 1088 1511 animae
1107 1443 1158 1511 ri·

52 1525 166 1591 ventis.
209 1528 291 1591 Plus
323 1527 415 1594 enirn
446 1528 578 1594 animae
609 1527 759 1594 viventis
791 1525 982 1595 iudiciuin
1011 1529 1157 1594 sensibus

52 1607 254 1688 volatilium,
334 1633 388 1676 arn
413 1611 560 1714 piscium
592 1611 851 1699 dignoscantur.
900 1611 1006 1689 Nam,
1042 1625 1083 1676 ut
1109 1607 1158 1676 ait

51 1690 202 1769 Basilius,
242 1717 263 1757 a
310 1697 379 1760 itus
407 1719 442 1759 ssr
462 1697 619 1790 ‚piscibus
645 1696 763 1760 tordm
792 1693 858 1786 est,
892 1689 978 1801 visu·
995 1691 1158 1798 obfuscare

52 1789 184 1858 propter
213 1799 334 1862 aptam
357 1781 494 1858 uident,
525 1793 560 1844 et
585 1803 688 1866 nsque
714 1781 819 1844 multa
843 1801 999 1845 memorre
1028 1801 1063 1844 trs
1090 1778 1169 1844 illu·
1256 1846 1260 1858 ,
1290 1783 1296 1798 “

53 1857 116 1948 est,
136 1883 240 1948 nsque
259 1859 453 1960 plantasset,
478 1885 580 1945 neque
600 1857 847 1957 consuetudinis
865 1867 1019 1948 cognitio.
1062 1864 1157 1962 Haec

53 1958 155 2009 sutmr
185 1965 303 2010 omnin
335 1967 408 2014 non
440 1947 555 2013 minus
575 1945 613 2012 in
637 1947 773 2026 subus,
806 1947 877 2012 imo
897 1950 974 2034 plus
995 1967 1097 2033 quam
1117 1965 1156 2010 tn

53 2025 241 2094 bominibus
270 2029 411 2114 pollent.
454 2032 580 2098 Merito
616 2046 729 2096 antem
750 2029 922 2118 quaeritur
944 2051 1046 2117 quare
1066 2031 1157 2094 vola·

53 2106 117 2174 tilia
136 2132 176 2176 ex
196 2133 286 2200 aqua
305 2117 471 2200 producta
493 2115 658 2180 dicantur.
712 2114 919 2181 credibilius
939 2134 1086 2200 namque
1106 2110 1157 2184 vi·
1261 2119 1265 2126 '

55 2193 193 2272 duetus,
261 2199 523 2264 uemadmodum
559 2197 716 2264 animalia
745 2214 866 2264 terram
894 2196 1082 2264 habitantia
1112 2199 1156 2264 de

53 2281 253 2367 somperht
279 2292 379 2344 entur
411 2298 540 2357 creata,
581 2281 630 2346 ita
659 2280 761 2347 etiam
794 2281 902 2368 pisces
931 2281 1153 2356 solummodo,

53 2377 145 2446 aquae
166 2362 307 2451 quidem
354 2365 536 2440 assessores,
568 2367 611 2430 de
633 2382 735 2452 aqua3
765 2363 1034 2440 volatilium,
1091 2381 1155 2431 uae

52 2451 115 2509 aira
133 2461 288 2522 tranunt,
326 2387 368 2512 ie
392 2457 467 2514 asire
487 2469 624 2547 qnoque
645 2445 760 2513 creari.
803 2449 869 2513 Sed
892 2447 1061 2534 huicque
1106 2445 1156 2518 io·
1259 2443 1271 2460 ‘

52 2526 86 2590 ni
109 2528 356 2596 rationabiliter
384 2548 572 2597 occurritur
600 2531 806 2618 [iaquarum
830 2545 950 2594 natura
972 2531 1155 2598 confidere·

53 2623 118 2690 tur,
146 2635 289 2714 quarum
318 2615 404 2678 duae
430 2614 556 2700 species
583 2614 678 2679 sunta
709 2635 780 2679 uua
809 2613 947 2699 quidem
970 2612 1100 2678 marina
1119 2627 1181 2684 et.

53 2694 206 2774 lluvialrs,
239 2692 465 2785 crassiorisque
486 2695 677 2786 qualitatis;
707 2699 810 2762 altera
829 2717 911 2760 vero
931 2695 1098 2783 vaporalis
1120 2709 1156 2760 et

52 2781 216 2857 nebulosa,
240 2779 441 2868 leviorqn03
464 2797 499 2846 et
520 2777 652 2846 crrsfior
672 2777 811 2867 quidem
834 2793 966 2845 terrena
987 2776 1169 2850 soliditate

53 2860 179 2928 fulcitur
185 2884 197 2941 ς
230 2862 340 2928 levior
357 2884 441 2929 vero
462 2874 557 2930 aerea
576 2861 794 2950 suspenditur
813 2861 1012 2938 serenitate,
1044 2863 1156 2928 donec

52 2940 349 3013 incrtffitndinem
369 2963 539 3024 vertatur,
563 2963 598 3010 et
618 2947 917 3034 ponderositatem,
940 2966 1041 3033 quam
1062 2941 1157 3009 exili·

52 3041 94 3091 tts
120 3035 190 3111 ejus
220 3031 380 3096 sustinere
408 3053 481 3096 non
511 3029 628 3118 potest.
679 3029 772 3096 Hinc
801 3028 982 3096 conficitur
1007 3025 1176 3094 naturali

52 3112 324 3190 confideretione,
345 3114 480 3200 reptilia
501 3113 633 3178 animae
651 3112 817 3189 viventis,
840 3115 908 3178 hoe
923 3111 978 3188 esi,
1000 3109 1156 3176 omnium

51 3191 183 3278 piscium
216 3217 342 3284 genera
370 3214 406 3261 et
432 3197 576 3284 species,
611 3218 652 3262 ex
673 3195 817 3262 craffiori
839 3217 999 3284 aquarum
1020 3192 1153 3276 specier

51 3279 189 3348 volatilia
217 3300 301 3345 vero
329 3280 480 3346 fimitirsr
507 3279 545 3344 in
568 3279 750 3368 generibus
772 3297 807 3346 et
827 3279 1003 3367 speciebus
1024 3276 1092 3344 suis
1113 3297 1156 3342 ex
1257 3303 1260 3310 ·

52 3358 159 3428 leviori
174 3363 297 3430 ‘creari
338 3366 385 3427 Et
404 3363 565 3451 quoniam
586 3363 670 3429 astris
690 3367 812 3445 hujus,
849 3363 910 3462 qui
931 3363 975 3433 esl
995 3361 1086 3430 inter
1102 3361 1155 3426 lu·

51 3461 121 3511 nam
140 3461 175 3512 et
194 3465 335 3522 terram,
357 3445 503 3533 spatium
523 3446 560 3512 in
583 3450 665 3512 duaa
707 3463 792 3514 artes
808 3444 990 3522 dividitur,
1012 3465 1156 3532 quarum

51 3523 190 3614 superior
220 3531 336 3596 sueno
364 3529 502 3618 quidem
535 3527 600 3604 est,
629 3553 653 3594 n
704 3530 801 3617 isque
829 3527 1153 3616 perturbationibus,

52 3629 187 3693 quaeest
207 3613 370 3690 terrenis,
399 3610 631 3714 aquaticisque
650 3612 834 3710 vaporibus
853 3610 893 3678 in
916 3619 991 3676 aere
1010 3628 1155 3708 nascun-

52 3704 115 3772 tur,
143 3696 309 3776 obnoxia,
337 3696 479 3762 infertor
506 3715 589 3760 vero
611 3697 752 3762 bumrda
773 3695 818 3760 est
838 3709 873 3760 et
893 3693 1154 3782 corpulentioris

51 3778 233 3859 qualitatis,
250 3779 413 3861 ,motibus
442 3795 627 3846 ventorum
654 3775 974 3866 conglobationibus
994 3773 1152 3854 nubium,

52 3863 247 3952 caeterisque
268 3885 354 3951 qnae
371 3871 416 3930 ex
435 3861 614 3930 vicinitate
635 3875 742 3927 terrae
760 3881 989 3949 aquarumque
1002 3857 1154 3926 cfficiun-

51 3952 116 4018 tur,
142 3949 412 4014 accommodatas
448 3944 612 4048 quicquid
634 3967 674 4012 ex
694 3943 753 4010 illa
773 3960 868 4032 parte
889 3943 972 4011 astris
992 3942 1154 4010 humidae
1218 3951 1221 3960 '

54 4029 250 4118 iquosaeque
272 4029 441 4119 qualitatis
462 4029 634 4120 gignitur,
658 4049 700 4094 ex
721 4035 794 4095 aire
816 4026 920 4096 creari
939 4048 1012 4095 non
1033 4025 1153 4093 incon·
1198 4065 1205 4086 a

52 4126 163 4190 musa
183 4115 228 4179 est
248 4117 394 4180 credere.
435 4115 515 4180 Non
538 4112 631 4181 enim
648 4111 780 4200 possent
799 4111 951 4179 volatilis
972 4113 1061 4178 hanc
1077 4131 1153 4197 par·

55 4201 115 4262 tem
140 4197 223 4268 aistis
250 4196 347 4288 terris
375 4194 538 4288 aquisque
567 4195 718 4266 vicinam
738 4212 959 4276 ntntmetre,
991 4195 1152 4264 litum
