2854 4978
107 256 113 287 l

52 401 108 477 tit,
131 397 428 472 ermemirum
446 398 597 478 ratione,
627 413 663 466 et
684 398 859 488 spirituali
880 399 1022 471 omnino
1042 419 1141 469 natu·

49 508 96 559 ra,
124 479 227 550 veluti
257 505 297 550 ex
327 507 396 549 una
424 485 633 550 extremitate
662 501 695 550 et
723 485 886 584 superiori
910 503 944 551 ct
966 507 1005 550 ex
1027 488 1139 564 altera,

51 573 105 634 hoc
124 567 182 644 est,
220 590 259 634 ex
281 567 605 656 omnino'corporea
625 590 687 656 pro
715 569 925 635 ortionaliter
945 569 980 634 in
1005 572 1037 634 se
1059 571 1142 636 reoi-

50 652 107 738 pit,
134 655 229 718 unde
251 652 405 740 proprie,
438 669 472 718 et
501 594 767 718 connaturaliter
788 653 1054 719 extremitatibus
1075 656 1143 720 suit
1209 703 1211 708 ,

51 736 186 812 lubsrstit;
214 736 360 835 proinde
392 737 489 824 fiquit
519 753 669 802 attentus
690 736 874 824 inspexerit
894 736 930 802 in
952 733 1018 803 bac
1035 754 1144 804 terna·

49 819 87 883 ria
114 821 425 908 proportionalitate
458 825 550 886 hunc
578 824 747 886 mundum
782 821 998 886 constitutum
1020 821 1146 886 intelli·
1253 828 1258 842 '

48 920 110 989 geu
144 904 305 1004 saquidem
327 903 365 974 iu
385 922 549 1052 spuantum
570 903 606 970 in
628 904 819 971 rationibus
841 905 925 980 suia,
961 904 996 969 in
1021 906 1144 992 quibua
1193 945 1196 953 ·
1252 903 1255 912 '

49 986 243 1054 ellmtialrtcr
266 1004 301 1052 et
321 1010 385 1056 cun
413 987 519 1054 itutua
541 989 600 1066 est,
626 1006 660 1056 et
681 988 896 1056 ellantialiter
909 989 1048 1054 subsistit
1064 1011 1145 1056 con·
1226 1012 1234 1022 ·

48 1071 205 1150 fideratur,
248 1094 320 1138 non
351 1074 457 1140 solum
486 1072 685 1160 spiritualia,
719 1097 838 1138 verum
870 1072 972 1138 etiam
997 1072 1145 1142 ,omuino

47 1153 167 1239 spiritua
198 1156 435 1244 cognoscitur,
468 1181 568 1224 nemo
646 1158 695 1227 ina
715 1173 807 1226 recte
827 1157 1147 1244 Philolopbantiuut

46 1237 177 1304 ratiouea
199 1262 381 1328 corporeae
402 1257 542 1307 naturae
563 1242 612 1330 spi
661 1243 769 1318 ualet,
792 1241 863 1307 imo
886 1241 986 1306 etlam
1008 1241 1147 1331 spirituc

46 1321 99 1386 elle
124 1325 275 1411 negarit,
315 1328 398 1391 (lum
425 1347 507 1391 vero
535 1342 703 1392 extremae
733 1325 834 1412 ipliue
857 1327 1011 1392 deorsum
1032 1325 1148 1391 versut

47 1402 261 1490 inspiciuntur
289 1425 418 1497 parter,
451 1412 518 1476 hoc
539 1409 602 1486 eli,
632 1408 748 1476 omnia
769 1410 827 1474 ista
849 1411 1001 1498 Corpora
1022 1431 1063 1475 ex
1085 1411 1147 1475 Ca·

48 1489 167 1557 tholicia
196 1493 376 1560 elementia
406 1493 608 1580 composita,
641 1493 788 1560 maxime
810 1493 912 1558 etiam
934 1511 1085 1571 terrena,
1114 1505 1149 1556 ct

47 1573 202 1658 aquatica,
254 1600 340 1666 quae
370 1593 404 1642 et
430 1575 660 1666 generationi,
696 1593 730 1642 et
759 1577 973 1665 corruptioni
1001 1574 1149 1644 obnoxia

47 1655 130 1734 lunt,
160 1660 251 1726 nihil
273 1659 366 1726 aliud
386 1657 488 1746 iniit
504 1660 674 1760 'reperitur
694 1681 827 1760 praeter
847 1682 989 1748 corpus,
1024 1662 1059 1728 e't
1080 1681 1150 1724 om·

46 1737 117 1806 uino
145 1765 366 1832 corporeum:
399 1761 432 1809 at
459 1746 483 1809 fi
526 1767 579 1810 ma
600 1745 804 1832 simplicium
825 1743 1070 1816 elementorum
1090 1763 1148 1808 ua·

47 1837 138 1890 turam
159 1825 356 1906 intueatur,
386 1830 464 1894 luce
486 1767 609 1894 citrino
631 1832 802 1916 quandam
822 1825 1150 1914 proportionabilem

46 1907 248 1984 medietatem
268 1911 440 1986 inueniet,
463 1933 529 1998 qua
549 1911 778 1978 ncc'omniuo
800 1932 923 1998 corpur
944 1913 1045 1988 sunt,
1067 1931 1150 2000 quo-

47 1989 124 2058 niam
154 2017 274 2060 corum
296 1994 516 2083 corruptione
536 1995 702 2062 naturalia
724 2017 865 2082 corpora
888 1997 1083 2074 subsistunt,
1116 2009 1151 2060 et

47 2073 144 2140 coitur
173 2101 243 2144 nec
270 2077 413 2145 omnino
435 2100 616 2166 corporeae
636 2096 777 2144 naturae
799 2079 971 2166 expertia,
1005 2084 1087 2146 dum
1108 2081 1150 2144 ab

5 2233 6 2238 ἵ
47 2157 84 2224 cia
103 2161 213 2228 omnia
237 2184 380 2250 corpora
400 2165 592 2251 profluant,
617 2180 651 2228 et
670 2163 708 2228 in
732 2186 773 2230 ea
789 2162 914 2232 iterum
928 2166 1150 2243 resolvantur,

5 2269 7 2276 ·
49 2257 76 2302 et
105 2241 226 2314 iterum
264 2249 408 2312 alterum
441 2246 539 2313 alteri
569 2247 733 2335 superiori
766 2247 905 2335 quidem
941 2247 1152 2314 extremitate

47 2343 238 2420 comparata,
262 2353 327 2396 nec
350 2330 491 2398 omnino
514 2329 651 2420 spiritua
671 2333 768 2408 lunt,
801 2329 964 2418 quoniam
984 2355 1055 2400 non
1081 2352 1150 2412 qm·

47 2429 117 2502 uino
138 2436 305 2501 corporea
324 2414 535 2480 extremitate
556 2418 729 2494 absoluta,
750 2437 817 2482 nec
837 2417 979 2482 omnino
999 2439 1069 2483 non
1088 2411 1152 2498 spi·

47 2508 136 2571 utut,
164 2497 331 2584 quoniam
359 2521 399 2564 ex
427 2498 617 2566 rationibur
640 2499 782 2566 omnino
806 2500 1033 2586 spiritualibus
1054 2497 1153 2560 subst-

48 2572 167 2644 lleutiae
188 2583 270 2646 suae
291 2583 480 2648 occasiones
503 2584 789 2671 accipiuntanon
802 2581 1078 2648 irrationabiliter
1092 2578 1154 2644 ita·
1216 2633 1218 2636 .

5 2715 6 2728 ,
48 2679 103 2754 que
129 2663 295 2740 diximut,
329 2669 424 2732 hunc
451 2669 621 2732 mundum
651 2665 877 2732 extremitates
891 2669 1060 2753 -quaadam
1079 2685 1099 2728 a
1120 2661 1154 2760 se

46 2742 180 2813 turicum
200 2747 348 2836 penitusv
369 2747 546 2826 discretae,
570 2765 606 2816 et
625 2749 842 2826 medietates,
870 2747 906 2814 in
931 2748 1055 2835 quibua
1077 2769 1153 2810 unt·

47 2831 194 2898 versitatis
216 2854 361 2898 concors
382 2833 562 2900 harmonia
580 2835 817 2921 conjungitur,
839 2832 1014 2922 possidere.
1044 2833 1154 2896 Pona-

5 2917 6 2922 ’
47 2931 111 2978 mue
128 2915 235 3004 igitur
257 2915 433 2982 inferiores
456 2921 558 3000 buitta
579 2917 701 2984 mundi
722 2935 852 3005 partes,
886 2916 997 2983 veluti
1018 2913 1156 2982 inferio·

47 3014 92 3058 rea
112 3019 234 3084 aquae:
257 3023 322 3066 nec
345 2999 536 3079 immerito,
560 3006 642 3069 dum
665 3005 890 3101 totumquod
911 2999 949 3068 iu
971 3005 1038 3066 boc
1058 3019 1156 3096 murt·
1224 3023 1226 3028 ·

50 3078 86 3141 do
99 3084 265 3160 naacitur,
286 3088 431 3152 humore
447 3085 586 3163 crescit,
609 3103 710 3174 atque
724 3103 885 3162 nutritur,
906 3085 1047 3152 humida
1060 3085 1156 3166 tiqua-

50 3162 115 3228 lem
134 3167 298 3251 qualitate
317 3170 516 3257 corporibus
537 3172 682 3247 sublata,
707 3175 832 3257 abc'que
853 3193 947 3238 mora
965 3175 1154 3240 tabescunt,

49 3258 77 3306 et
102 3251 320 3323 decrescunt,
353 3265 387 3316 et
418 3273 506 3336 pene
535 3258 578 3316 etl
599 3255 745 3318 nihilum
766 3253 988 3338 rediguntur:
1020 3263 1158 3324 namet

48 3331 184 3406 caelestia
204 3355 349 3434 corpora
371 3333 630 3408 ferventissima,
657 3350 691 3399 et
712 3333 812 3422 ignea
832 3335 974 3400 humida
996 3355 1158 3421 aquarum

48 3429 155 3482 namra
175 3417 302 3483 numri
323 3417 489 3504 sapienter
511 3419 632 3484 mundi
652 3417 836 3492 affirmant,
863 3423 955 3507 quod
968 3439 1032 3483 nec
1048 3418 1157 3482 sacrae

49 3492 220 3585 scripturae
252 3503 454 3600 expolitores
482 3517 621 3590 negant.
670 3503 869 3588 spiritualer
899 3523 981 3568 vero
1003 3500 1158 3566 omnium

50 3579 220 3651 visibilium
242 3604 390 3652 retronea
412 3586 624 3674 superiorum
651 3609 811 3674 aquarum
834 3587 975 3653 nomine
997 3606 1038 3670 ap
1067 3581 1159 3648 ellari

49 3665 126 3759 retio'
145 3673 279 3738 edocet.
320 3673 373 3736 Ex
391 3669 469 3758 ipfia
493 3671 586 3741 enim
611 3671 726 3736 omnia
748 3673 935 3744 elementa,
957 3669 1023 3734 five
1037 3609 1159 3818 impli-

51 3765 111 3824 ⁰¹³3
132 3753 199 3819 five
222 3776 314 3832 com
348 3755 423 3832 lital
444 3755 553 3820 ueluti
576 3777 617 3820 ex
637 3755 838 3842 quibusdam
856 3751 989 3841 maguis
1004 3749 1096 3826 sonti
1119 3768 1159 3815 ut

52 3829 214 3929 defluunt,
248 3838 286 3906 in
313 3863 330 3906 e
355 3862 400 3904 ue
430 3837 641 3928 intelligibili
663 3841 806 3926 quadam
828 3839 955 3903 virtute
975 3835 1081 3926 rigata
1104 3834 1161 3898 atl-

50 3919 280 3990 ministrantur.
324 3863 397 3992 §ec
417 3926 485 3992 hoc
506 3925 578 3992 silet
599 3922 762 4010 scriptura
784 3925 951 3999 clamant,
985 3935 1019 3980 et
1040 3939 1157 4016 magr

50 4017 124 4094 Μ’
140 3995 257 4092 supra
281 4010 406 4089 eoelum
454 4025 535 4086 unt,
567 4010 710 4076 taudem
729 4031 843 4076 nomm
865 4009 950 4068 Dei.
995 4002 1159 4087 Quamne

52 4101 135 4150 cmm
165 4087 235 4152 boc
269 4091 310 4156 de
331 4093 421 4156 caele
450 4096 523 4158 'but
542 4091 729 4158 virtutibua
750 4087 826 4176 quie
846 4085 1037 4174 intelligat,
1090 4107 1160 4152 rae·

54 4163 139 4238 dicto
165 4169 279 4240 sensui
299 4194 373 4246 nou
391 4189 581 4270 repugnat,
611 4177 696 4246 alum
715 4173 756 4242 lit
776 4170 972 4242 divinorum
992 4193 1051 4256 my
1115 4167 1160 4236 ‘o
1222 4175 1226 4187 '
