2912 4978
287 227 342 306 90
627 227 682 296 tte
700 228 882 300 Diuisione
903 222 1075 300 Nattaae.

284 410 412 500 species
431 409 637 478 subdividite
667 427 885 500 quartamque
904 409 1046 477 nostram
1067 430 1087 477 e
1107 407 1214 508 priene
1234 429 1307 476 non
1324 409 1400 509 'glit-

549 495 1229 646 r

285 579 623 748 asiillibitiiilfiqiroiit
638 602 730 729 ligia
758 659 904 738 dederit,
926 659 1177 728 reservabimus.
1216 598 1402 724 tiriaefimo

287 761 322 813 et
342 745 483 832 septimo
504 744 654 832 capitulo
678 749 719 811 de
741 745 916 833 Ambiguie
937 749 1070 817 Sancti,
1091 744 1128 808 in
1152 743 1222 819 uit,
1244 747 1302 828 qui
1321 743 1403 806 mul·

288 843 327 892 ta
341 831 537 930 'divinorum
569 829 801 932 Mysteriornm
830 853 873 894 ea
905 832 958 894 Ιώ
976 831 1034 931 qui
1053 829 1134 912 pedi
1163 829 1235 911 equi
1255 839 1289 890 et
1309 829 1423 890 mini·

275 905 509 1058 strrdfqerunt
534 915 646 1016 qarbu,
678 926 712 976 et
741 915 825 978 uncle
853 915 1055 977 immeditate
1084 933 1192 1013 eorum
1221 903 1405 1004 quaesunt

287 988 929 1180 sissff
943 988 1403 1173 ntra

285 1176 325 1225 ta
344 1155 456 1250 sunt,
488 1184 630 1250 quinque
650 1163 866 1264 ‘ilvlstmiibffff
878 1160 1057 1262 segregari
1068 1161 1302 1260 substantiam.
1347 1163 1402 1222 Vt·

288 1247 391 1320 deone
413 1262 538 1331 quanta
561 1263 740 1314 autoritate
762 1249 935 1314 divtfiome
951 1248 1027 1310 suae
1047 1267 1213 1390 orsqmem
1228 1262 1400 1309 commen-

287 1328 369 1394 det?
392 1331 431 1392 ab
454 1328 526 1414 ipso
549 1331 640 1395 enim
659 1333 780 1408 verbo,
801 1334 869 1396 hoo
892 1331 953 1406 est,
990 1329 1056 1394 Dei
1078 1329 1149 1394 fiio
1170 1325 1230 1413 qui
1251 1325 1295 1390 est
1318 1325 1400 1388 fona

179 1417 183 1439 ¹
286 1410 391 1476 totius
413 1411 582 1496 perfectae
604 1413 778 1480 doctrinae
799 1413 950 1491 (merito,
974 1412 1053 1500 qaia
1073 1411 1144 1498 ipse
1166 1410 1210 1474 est
1225 1406 1401 1494 Sapientia

287 1515 391 1580 qaam
420 1515 537 1558 omnes
568 1497 756 1582 Sapientes,
769 1495 976 1583 participant
996 1517 1056 1581 per
1076 1494 1287 1580 pediffequoe
1310 1491 1400 1564 suos,

286 1579 353 1640 hoc
375 1574 437 1649 est,
462 1574 662 1664 discipulos,
688 1579 746 1665 qui
768 1580 903 1646 eumin
923 1595 1025 1644 aeram
1040 1576 1215 1641 viventem
1228 1573 1401 1646 viderunt,

289 1674 325 1724 et
350 1660 533 1733 docentem
567 1662 760 1742 audierunt)
790 1663 959 1728 inchoatio
984 1673 1247 1727 ‘commemorem
1283 1671 1318 1720 et
1365 1677 1404 1718 er

284 1741 519 1826 Apostolorum
541 1744 737 1811 suocefforee
760 1745 797 1810 in
820 1745 974 1812 doctrina
996 1759 1032 1810 et
1052 1741 1214 1830 sapientia
1236 1677 1401 1804 innecii·-
1450 1805 1451 1816 ¹

286 1839 339 1898 te,
372 1827 440 1888 hoo
469 1825 531 1900 est,
562 1831 655 1902 nulle
684 1829 748 1892 alia
776 1827 955 1893 autoritate
977 1826 1190 1912 interposite,
1226 1821 1401 1922 nequead

208 1917 210 1924 “
285 1907 344 1970 sue
366 1921 518 1992 tempora
539 1911 697 1976 traditam
717 1910 832 1994 fuiffeq
854 1933 989 1998 quarum
1008 1914 1169 1993 primam,
1187 1907 1318 1992 inqutte-
1333 1899 1400 1996 ‘ff‘

286 1991 381 2054 aium
408 2013 478 2054 eam
511 2015 594 2074 quae
614 2016 637 2057 a
656 2017 720 2058 non
740 2009 854 2057 creata
873 2007 995 2058 natura
1015 1998 1050 2058 in
1070 2007 1216 2056 creatam
1236 1993 1403 2090 uniuersa·

281 2073 362 2136 liter
383 2088 554 2152 naturam,
595 2091 630 2140 et
648 2101 710 2160 per
728 2081 972 2161 generationem
991 2073 1055 2178 effe
1074 2081 1147 2142 acci
1171 2079 1291 2140 ientem
1313 2074 1403 2136 davi-

286 2157 401 2221 ditur:
423 2158 537 2222 dicunt
556 2183 693 2244 namque
714 2164 825 2226 Deum
845 2183 907 2243 per
927 2161 1107 2225 &natatem
1118 2096 1245 2249 chiffe
1260 2153 1402 2246 existen·

285 2242 368 2302 titan
416 2243 496 2326 tmrel
518 2248 660 2308 omnium
689 2246 813 2308 claram
840 2241 1087 2332 diqufitionem
1099 2267 1113 2318 ,·
1140 2258 1175 2306 et
1194 2241 1296 2326 paulo
1317 2238 1401 2324 post,

291 2325 472 2392 Secundam
491 2348 590 2401 vero,
612 2349 788 2412 perquam
809 2322 997 2473 ipsasmul
1016 2331 1120 2392 omrus
1140 2338 1262 2388 natura
1277 2345 1301 2384 a
1321 2323 1402 2386 Deo

286 2428 348 2486 per
380 2409 577 2473 creationem
604 2405 668 2502 effe
689 2414 856 2492 accipiam
900 2413 1042 2474 tvidttar
1062 2414 1096 2474 in
1114 2405 1340 2488 intelligibilia
1365 2419 1402 2468 et

283 2485 819 2642 lillibititi‘iititit‘lt
828 2485 1326 2642 'elii'fflmi'iiisiiiiii
1339 2509 1402 2654 iii

285 2677 383 2738 qnam
419 2662 518 2722 Terra
546 2659 711 2725 diuiditur
738 2667 771 2726 in
799 2599 1057 2754 Paradisumqle
1077 2661 1186 2724 orbem
1211 2621 1397 2735 Terrairum3

287 2752 322 2802 et
350 2743 516 2824 quintam,
550 2766 611 2826 per
640 2767 736 2830 quam
764 2740 836 2840 ipse
868 2749 902 2808 in
930 2745 1077 2810 omnibus
1106 2743 1213 2806 veluti
1239 2739 1402 2824 quaedam

286 2838 475 2888 cunctorum
496 2823 779 2928 continuatiffima
798 2821 949 2924 officina,
972 2827 1178 2910 omnibusque
1196 2845 1258 2904 per
1277 2843 1401 2889 omnem

286 2903 515 2995 differentiam
536 2913 802 2974 extremitatibus
821 2933 882 2992 per
892 2906 1043 3056 [ῑίἔῇιηι
1066 2909 1264 2972 naturaliter
1279 2907 1400 2970 medie·

286 3002 393 3054 tatem
434 2997 543 3056 aciens
564 2993 644 3057 bene
664 3008 697 3057 et
718 2996 829 3072 pulcre
839 2985 922 3082 secu
970 3017 1022 3058 um
1042 2995 1297 3074 generationem.
1331 2991 1399 3053 His

287 3093 371 3156 quae
418 3089 476 3138 unt
493 3069 737 3166 superadditus
765 3080 858 3141 bomo
888 3081 922 3139 in
955 3077 1138 3143 Matucaium
1157 3073 1400 3163 foeminamque

285 3156 473 3230 dividetur,
503 3180 625 3221 omnem
647 3159 770 3222 liabens
790 3151 944 3246 prosecta
966 3161 1165 3222 naturaliter
1183 3172 1402 3221 extremarum

288 3242 428 3302 omnium
455 3240 689 3305 medietatibus
714 3264 777 3322 per
809 3238 915 3339 ipsam
936 3245 982 3306 ad
1006 3257 1154 3306 extrema
1173 3245 1282 3304 omnia
1302 3261 1400 3320 copu-

287 3319 427 3385 lativam
447 3327 653 3403 propriarum
672 3329 822 3406 partium
842 3330 1083 3412 proprietatem
1105 3327 1320 3389 adutationis
1333 3327 1400 3386 vir·

287 3417 413 3477 mem.
445 3407 756 3499 partemfiquidem
775 3403 851 3503 sni,
886 3426 926 3473 ut
946 3409 1037 3474 idem
1060 3407 1215 3495 Magister
1236 3405 1317 3472 aiibi
1339 3405 1398 3481 ait,

287 3509 359 3550 cum
379 3487 592 3580 senstbilibus
610 3487 767 3583 poffidet,
806 3496 1015 3578 inquantum
1037 3489 1247 3580 corpusests
1269 3503 1403 3572 partem

289 3593 360 3634 cum
381 3574 666 3656 Intelligibilibus,
706 3579 741 3638 in
761 3593 918 3660 quantum
938 3581 1073 3651 anima,·
1103 3577 1238 3658 ideaque
1262 3577 1401 3638 Univer-

279 3647 358 3748 sam
389 3659 582 3722 Creatorem
610 3661 644 3722 in
658 3651 702 3760 Je
730 3663 885 3728 continet.
931 3663 977 3723 Et
1022 3660 1098 3722 aulo
1119 3658 1210 3744 post,
1238 3659 1334 3746 qu‘as
1354 3659 1404 3719 rei

285 3742 419 3819 gratia,
453 3739 639 3834 nouiffimus
660 3745 899 3816 innodatae.
932 3747 967 3806 in
1015 3746 1022 3760 '
1058 3762 1141 3828 quae
1178 3754 1255 3818 tart,
1285 3743 1402 3828 namot

284 3821 391 3886 veluti
417 3827 600 3914 conjunctio
636 3829 796 3907 quaedam
816 3827 979 3892 naturalis
997 3816 1137 3928 univers
1170 3831 1228 3888 'ter
1246 3845 1309 3909 per
1325 3845 1402 3905 pro·

286 3906 382 3983 priae
401 3922 516 3987 partes
535 3911 743 3980 medietatem
752 3903 893 4001 faciens
904 3911 1182 3979 extremitatibus,
1205 3922 1239 3973 et
1257 3911 1292 3972 in
1305 3927 1403 3972 uram

291 3986 413 4091 daenes
433 3994 467 4052 in
478 3985 614 4092 seipso,
636 3995 739 4060 multo
745 3991 931 4100 secusdum
950 4008 1101 4094 neaeram
1119 4015 1142 4057 a
1178 3995 1334 4092 einuicem
1348 3991 1400 4054 ‹li-

277 4065 415 4167 slusam
433 4070 564 4165 spatio.
606 4079 933 4146 Extremstetee.h1c
960 4093 1062 4145 vocet
1082 4099 1155 4143 aava
1182 4076 1284 4140 bilem
1305 4073 1402 4140 senfi-

290 4153 458 4243 bilemque
479 4159 695 4248 Creamrem3
731 4184 818 4251 quae
837 4185 857 4228 a
877 4162 1060 4230 seinvicem
1080 4159 1189 4256 veluti
1208 4155 1400 4246 longiffimo

292 4429 301 4464 i
