2930 4982
304 230 392 314 aar
632 230 688 302 ue
709 229 892 326 aarum
912 228 1087 302 uuam.
1137 293 1145 316 ,

305 433 443 487 natmae
472 414 650 482 inferiores
683 415 724 482 in
747 427 886 482 naturae
913 413 1100 502 superiores
1130 416 1210 482 tlmn
1236 413 1289 482 sibi
1305 417 1386 484 nullo

307 503 413 569 modo
434 501 669 574 adversantur,
690 496 838 567 mirabili
859 501 1003 586 quadam
1024 498 1228 564 adunatione
1247 501 1388 566 trmabru·

309 587 345 651 di
364 582 629 671 negaverim'uai
652 581 739 648 Satio
763 585 805 648 de
825 581 879 648 bia
901 581 1040 648 dictum.
1082 585 1126 646 D.
1148 583 1348 670 Satio-plane.

370 669 422 732 26.
456 669 505 730 M.
541 666 713 753 Quoniam
739 687 821 730 vero
844 667 887 730 de
911 686 950 730 eo
972 666 1064 752 quod
1083 667 1275 732 resurrectio
1294 687 1389 752 corpo·

306 773 383 816 rum
403 750 548 814 naturali
569 749 714 823 virtute,
736 749 853 814 diuina
874 747 980 834 gratia
999 763 1219 835 cooperante,
1239 771 1294 836 per
1307 749 1388 814 salra-

305 833 389 901 t'otia
409 833 532 898 mundi
552 831 868 898 inhumanationem
891 833 1004 902 futura
1026 832 1082 908 fit,
1115 831 1212 896 Beati
1232 829 1392 919 Epiphanii

222 983 224 988 .
305 915 532 982 testimonium
553 915 825 990 introduximuet
847 913 1064 980 necessarium
1086 914 1244 989 arbitror,
1265 931 1301 980 nt
1318 935 1391 999 ung·

247 1061 255 1078 ,,
309 1001 356 1078 ni
373 1011 510 1086 quoque
530 1002 664 1066 Theolo
690 994 700 1016 ⁰
722 997 876 1086 Gregorii
899 995 1097 1064 sententiam
1119 1001 1162 1063 de
1182 1001 1293 1064 eadem
1309 995 1394 1061 ratio·

303 1083 637 1152 neintrodncamna.
700 1128 708 1146 .
730 1081 967 1148 Necessarium.
1000 1082 1088 1146 Nam
1105 1097 1140 1146 et
1155 1081 1201 1148 fic
1216 1078 1393 1168 permisun,

307 1183 344 1232 et
362 1167 449 1252 quod
471 1169 506 1230 in
525 1187 580 1232 ore
600 1169 736 1231 duorum
758 1167 943 1232 idoneorum
964 1161 1333 1254 testamenmentum
1357 1165 1394 1226 ιἰι·

247 1284 267 1304 --
305 1243 488 1346 eoneuffum
519 1244 584 1342 effa
612 1251 758 1326 uidetur.
800 1250 849 1312 M.
884 1247 1045 1314 l'iccfimo
1066 1247 1181 1334 itaque
1191 1247 1306 1336 primo
1324 1243 1398 1330 capi·

307 1335 382 1401 tulo
415 1335 584 1404 sermonis·
609 1336 653 1399 de
685 1329 836 1418 Imagine
863 1331 1062 1416 disputans,
1099 1333 1192 1417 quod
1223 1323 1397 1396 resurrectio

307 1438 380 1484 non
402 1433 535 1495 tanturn
557 1439 597 1480 ex
616 1411 868 1502 praedicatione
891 1411 1092 1500 scripturae,
1115 1407 1402 1499 quantumexipsa

306 1521 419 1566 rerum
439 1497 630 1565 necestitate
652 1499 811 1585 speratur.
845 1500 936 1574 „see
956 1519 1031 1564 non
1051 1496 1095 1562 src
1116 1497 1400 1580 estfortiaiuqut't·

305 1582 453 1659 malitia,
491 1599 531 1646 ut
552 1581 713 1648 bonitatit
735 1579 852 1653 vincat
871 1579 1053 1644 virtutem=
1090 1601 1204 1678 neque
1222 1577 1336 1649 melior
1353 1595 1403 1640 ne·

88 1663 95 1684 ¹
134 1685 136 1692 ·
233 1719 238 1726 .
306 1686 373 1816 pue
393 1665 590 1764 singularior
612 1665 655 1728 est
675 1665 804 1730 nostrae
825 1679 963 1740 naturae
985 1662 1198 1750 insipientia,
1234 1683 1328 1750 qnam
1346 1653 1401 1722 Dei

323 1749 482 1896 apientra.
525 1751 605 1846 Non,
632 1747 723 1812 enim
746 1744 897 1834 poffibile
913 1745 963 1810 'eil
979 1747 1204 1844 ‚conversibile
1226 1763 1323 1894 atpuc
1342 1761 1403 1806 mu·

214 1980 255 2014 ,,
309 1833 816 2011 triturarentur
832 1827 1405 1980 trilaterarum

309 1998 447 2084 quidem
470 1996 645 2062 consultum
668 1997 797 2080 semper
818 2013 854 2060 et
875 1994 1086 2060 immutabile
1107 1995 1237 2093 ubique
1252 1997 1286 2060 se
1302 1994 1404 2058 babet:

203 2143 206 2148 ,
307 2079 525 2148 convcrfibile
542 2094 669 2146 ,autern
701 2079 837 2142 nostrae·
861 2093 1001 2152 naturae
1034 2099 1104 2142 non
1136 2101 1172 2142 ιιι
1207 2079 1297 2144 malo
1316 2075 1404 2140 fixum

305 2177 432 2243 manet.
477 2163 581 2247 Quod
604 2160 696 2226 enirn
717 2161 846 2247 semper
867 2160 1008 2227 omnino
1029 2177 1205 2238 movetur,
1242 2157 1406 2252 liquidem
1431 2235 1432 2238 Ἴ

300 2249 352 2310 'ad
371 2249 500 2312 bonnm
522 2242 765 2331 processionem
781 2243 957 2324 habuerit3
1004 2259 1118 2329 rupter
1132 2243 1357 2310 eximietatem
1367 2257 1406 2302 ret

295 2327 574 2416 perquirendae,
609 2349 792 2426 nunquam.
813 2327 940 2392 detinet
960 2269 1001 2390 ai
1025 2326 1114 2413 ipso,
1171 2327 1211 2392 ui
1233 2315 1408 2391 sursnmes

305 2427 431 2478 meatu.
474 2414 554 2476 Non
577 2410 668 2474 enirn
689 2407 844 2484 inveniet
866 2409 1048 2474 terminum
1070 2349 1231 2497 quaein,
1263 2409 1321 2508 qui
1341 2427 1408 2469 nan·

311 2492 469 2560 ciecentia
507 2491 700 2558 stabilitabit
727 2515 774 2558 un
798 2515 877 2556 uam
905 2507 1047 2558 motum.
1099 2493 1165 2574 ¹Sin
1195 2496 1240 2559 ad
1267 2494 1305 2557 td
1332 2485 1407 2588 quod

306 2576 513 2644 contrarium
545 2577 589 2640 esi
617 2591 748 2642 motum
772 2515 980 2661 ,iusccperim
1018 2575 1078 2639 ubi
1108 2577 1248 2642 cursum
1276 2570 1408 2640 mahtitt

305 2659 474 2747 peregerit
496 2673 531 2736 et
549 2659 586 2727 in
609 2656 870 2734 sublimissimam
891 2657 971 2722 mali
992 2659 1184 2724 mensuram
1208 2653 1407 2745 pervenerim
1431 2695 1432 2730 p

306 2761 393 2811 tunc
407 2745 504 2830 ,quod
525 2742 655 2827 stuiper
674 2740 806 2826 impetu
825 2757 1000 2817 movetur,
1024 2742 1157 2818 nullum
1179 2765 1222 2816 err
1235 2735 1410 2806 naturalla·
1431 2757 1432 2760 ¹

241 2873 244 2888 .
306 2841 381 2891 tum
404 2824 603 2900 invenient,
624 2847 704 2900 cum
727 2822 869 2909 spatium
890 2827 984 2908 ,quod
1005 2823 1042 2888 in
1064 2823 1192 2890 malitia
1221 2826 1284 2900 est,
1322 2839 1408 2886 trane

225 2942 228 2952 ι
305 2911 440 2984 cursum
460 2907 582 2983 suerit,
612 2908 796 2979 secundum
816 2907 1042 2979 necessitatem
1063 2912 1106 2972 ad
1128 2909 1269 2974 bonnm·
1287 2923 1409 2972 conver

307 2991 353 3056 tit
381 3005 524 3056 motum.
567 2991 653 3056 Nam
686 2993 766 3056 dum
787 2989 916 3054 malitia
936 2987 973 3057 in
994 2989 1168 3074 infinitum
1193 3013 1271 3058 non
1317 3005 1409 3072 tegre

257 3072 262 3086 ’
308 3073 416 3149 ditur,
438 3073 496 3138 sed
516 3073 704 3140 neceffniir
725 3071 850 3136 finibus
872 3073 1190 3158 comprehenditurt
1214 3015 1408 3160 coniiquen·

305 3171 357 3220 ter
385 3154 469 3220 boni
496 3155 654 3221 succeffio
683 3156 785 3219 finem
814 3155 963 3234 malitiae
992 3155 1148 3242 excipiet
1208 3162 1260 3222 Ac
1290 3158 1352 3228 fic.
1382 3165 1432 3236 ut*

300 3237 438 3302 dictum
466 3238 528 3314 ell,
561 3237 827 3324 semper-mobile
855 3239 982 3302 nestrae
996 3255 1144 3304 naturae
1164 3241 1295 3306 ultimo
1319 3238 1432 3322 recor-l

304 3335 359 3386 ret
385 3319 423 3384 in
449 3323 573 3385 bonam
594 3321 700 3408 uiam,
721 3321 815 3384 ¹dum
849 3341 889 3383 ex
918 3322 1081 3388 memoria
1100 3322 1261 3409 priorum
1284 3313 1432 3388 infelici-l

305 3417 416 3469 tatum
443 3401 633 3490 castigatur.
664 3401 774 3480 ¹nein
804 3403 957 3488 aequales
984 3405 1122 3470 recidat
1165 3407 1302 3470 Rursus
1323 3405 1334 3468 i
1358 3404 1410 3466 itur

258 3526 272 3534 —
306 3487 372 3552 erit
399 3488 500 3552 nobit
527 3487 641 3550 cursua
671 3486 708 3549 in
742 3483 860 3564 bonit.
894 3505 934 3549 eo
964 3491 1058 3572 quod
1082 3487 1211 3554 finibue
1235 3511 1306 3555 nec
1350 3481 1410 3551 ariit

240 3617 243 3632 .
304 3569 453 3636 malitiae
483 3584 606 3635 natura
634 3567 972 3644 circumterminatur.
1028 3573 1073 3634 Ut
1093 3571 1185 3649 enim
1209 3572 1432 3659 superiorum*

305 3651 409 3740 periti
439 3651 580 3718 luminit
611 3649 748 3736 quidem
779 3671 916 3716 ornnem
935 3655 1103 3718 mundum
1123 3656 1274 3740 plenum
1296 3655 1358 3720 effe
1374 3647 1432 3715 d’r*

270 3757 272 3761 ·
304 3752 406 3812 cunt,
442 3736 594 3800 tenebrae
621 3755 702 3798 vero
732 3730 945 3820 opposrtione
980 3735 1106 3806 terreni
1127 3738 1290 3823 corpori·
1313 3741 1432 3804 obnu-¹

304 3817 495 3884 brationem
522 3815 617 3893 fieri,
649 3839 754 3903 quum
783 3815 921 3904 quidem
952 3817 1070 3884 asolie
1091 3819 1194 3902 radiis
1220 3843 1246 3902 a¹
1266 3838 1360 3920 tergo
1376 3817 1409 3879 st·

303 3903 455 3966 cundum
480 3901 621 3977 formam
643 3898 783 3964 rotundi
804 3897 955 3986 corporis
977 3905 1094 3966 umbra
1114 3903 1227 3974 instar,
1243 3905 1432 3970 contulari

305 3985 416 4060 datum
457 3979 640 4048 Sol-enim
662 3981 897 4068 mttltipliciter
918 3983 1155 4071 magnitudine
1178 4002 1314 4070 terram
1334 3988 1409 4069 supe

301 4087 398 4143 rane,
417 4065 577 4162 illamque
597 4063 699 4130 radiia
722 4063 875 4151 undique
894 4067 1144 4154 complectens.
1164 4068 1206 4133 in
1226 4068 1409 4138 summitate
1431 4079 1432 4118 1

303 4151 382 4218 coni
413 4149 638 4232 commissurae
663 4145 804 4217 luminis
833 4151 1032 4227 connectit:
1076 4150 1193 4240 itaque
1232 4154 1409 4238 secundun
