2930 4982
372 199 776 323 ''iat'lmoutnlun
920 173 926 188 ·
1107 233 1221 311 497ι

75 442 144 490 non
165 423 273 513 solum
294 423 422 488 sanetur
439 441 589 510 quaeque
604 421 770 511 perfectae
784 419 929 499 animae,
951 421 1186 490 verumetiam

78 527 211 573 omnem
232 505 325 572 illam
347 519 551 582 ereaturam,
575 529 661 594 quae
680 506 877 586 liberabitur
897 528 916 570 a
937 507 1097 572 servitute
1113 528 1186 573 cor·

75 587 255 677 ruptionis.
310 594 362 653 De
392 609 459 676 quo
493 609 635 674 torpore
655 589 757 656 etiarn
780 590 867 655 illud
886 589 1061 676 Apostolus
1082 590 1185 656 dixitt
1249 605 1251 613 ’

74 678 222 738 Domum
231 675 403 747 habemur,
425 693 495 741 nou
507 675 746 748 manufactam,
770 687 938 738 aeternam
953 671 991 737 in
1010 672 1125 748 coelio,
1146 672 1187 738 id
1267 676 1278 692 ⁸

78 758 119 822 eli
141 756 368 822 mansonibut
390 758 576 822 beatorum.
621 760 671 820 Ex
693 758 760 822 hoe
781 777 860 843 ergo
882 759 1110 836 conjecturam
1133 775 1186 821 oo·

74 861 153 928 pere
181 841 373 926 possumus,
414 855 559 924 quantae
590 831 769 926 puritatit‚¹
826 855 949 904 uentae
978 838 1185 916 subtilitatis,

77 938 220 1011 quantae
241 922 366 1008 gloriae
390 922 589 1008 lit-qualitas
610 924 759 1010 eorporie
780 861 895 998 illane.
919 923 944 988 li
964 920 1186 1009 comparatio·

75 1029 154 1074 nem
176 1005 338 1072 faoiamua
359 1008 429 1084 eiua
452 1009 493 1070 ad
514 1027 552 1070 ea
572 1028 658 1092 quae
678 1029 772 1072 nunc
792 1006 873 1072 lieet
893 1005 1044 1072 coelestia
1065 1005 1185 1072 lineet

74 1091 93 1154 s
112 1087 332 1154 leudidiffima
355 1107 512 1176 corpora,
534 1091 726 1161 manufacta
749 1104 859 1154 tamen
882 1090 960 1154 suut
982 1087 1184 1154 etvifibilia.

75 1114 135 1238 Ille
147 1187 259 1236 autem
277 1170 401 1237 dicitur
418 1174 537 1236 domne
552 1175 615 1236 else
633 1195 703 1238 non
718 1173 989 1247 manufactam
1000 1187 1134 1238 aeterna
1143 1171 1184 1238 in

77 1254 190 1322 coelis.
214 1255 409 1352 Quia-ergo,
425 1277 511 1341 quae
528 1255 699 1329 videntur,
723 1256 920 1342 temporalia
928 1258 1016 1330 sunt,
1032 1277 1117 1343 quae
1128 1275 1187 1332 au·

75 1331 400 1412 temvonvidentur,
412 1354 546 1402 aeterna
555 1339 643 1412 sunt,
656 1339 812 1404 omnibus
822 1339 874 1405 hie
886 1339 1083 1426 corporibus
1098 1361 1187 1427 quae

25 1428 33 1447 ⁸
66 1423 144 1502 *five
158 1420 196 1486 in
217 1420 714 1495 terriafiveincoeliatidernuo,
737 1421 1135 1509 etquaevideripollunt,
1152 1436 1188 1488 et
1215 1479 1223 1490 .

73 1504 360 1578 manufactasunt,
381 1519 632 1570 eteeternanon
644 1507 733 1580 sunt,
751 1508 855 1581 multa
866 1505 1186 1592 longepraelatione

97 1587 246 1653 raetellit
260 1587 347 1653 illud
359 1590 451 1674 quod
466 1603 502 1654 et
514 1589 643 1655 vifibile
655 1609 725 1654 non
745 1590 799 1662 est,
816 1609 880 1654 nec
888 1591 1120 1666 manufactum
1129 1589 1185 1665 est,

72 1613 379 1737 ledaeternumest.
404 1671 1186 1760 Exquecomparationeconjicipotestquantue

75 1759 193 1830 decor,
225 1771 388 1854 quantur.
398 1756 575 1841 splendor,
608 1772 821 1842 quantusque
840 1756 954 1841 fulgor
973 1756 1013 1820 stt
1036 1757 1187 1843 corporit

72 1838 273 1925 spiritualret
297 1855 330 1902 et
348 1860 466 1910 verum
489 1838 552 1904 etre
573 1838 659 1904 illud
674 1843 766 1926 quod
780 1839 908 1904 dictum
926 1840 986 1904 eli:
1008 1840 1088 1925 quia
1105 1861 1185 1907 ocu·

72 1925 127 1988 lue
154 1943 220 1986 uec
247 1921 354 1996 vidit,
392 1933 457 1987 n'ec
490 1921 578 1986 aurio
599 1921 747 2000 audivit,
780 1943 845 1988 neo
865 1921 903 1986 in
925 1943 984 1988 cor
1004 1922 1187 1990 hominum

73 2004 239 2080 ascendit,
271 2026 357 2092 quae
373 2004 594 2092 praeparavit
625 2011 717 2071 Deut
749 2005 797 2070 eis
826 2005 885 2092 qui
916 2005 1065 2092 diligunt
1093 2029 1184 2072 eum.

71 2091 152 2154 Non
185 2086 277 2154 enim
299 2087 525 2153 dubitandum
547 2088 591 2152 est
611 2105 765 2154 naturam
787 2088 937 2175 corporis
958 2092 1060 2168 hujur
1083 2087 1187 2155 nostri

70 2173 248 2236 volontate
270 2171 334 2236 Dei
379 2171 415 2236 ui
438 2173 537 2236 talem
559 2171 642 2236 fecit
664 2195 754 2247 eam,
777 2194 886 2258 utque
908 2177 950 2239 ad
970 2173 1063 2238 illam
1083 2173 1188 2238 subti-

70 2252 184 2320 liffimi
205 2269 239 2318 et
259 2193 422 2341 purissimi
444 2274 483 2318 ae
504 2255 758 2340 splendidissimi
780 2255 930 2341 corporis
952 2257 1043 2343 posse
1064 2277 1187 2322 acrea-

70 2354 147 2404 tore
177 2336 339 2423 produoi‚
372 2353 475 2422 prout
493 2359 606 2402 rerum
627 2339 727 2402 llatua
748 2337 941 2415 vocaverit,
969 2354 1004 2402 et
1023 2337 1186 2408 metitum

68 2419 281 2487 rationabilia
309 2432 450 2484 natutae
476 2419 681 2507 poposcerit.
723 2419 881 2506 Denique
914 2442 993 2488 eum
1021 2421 1186 2488 varietate

69 2521 106 2570 et
127 2504 316 2570 diversitate
339 2506 488 2569 mundun
509 2502 674 2590 indiguit,
699 2525 759 2589 per
781 2503 924 2569 diversae
944 2526 1057 2569 rerum
1078 2505 1185 2572 faciet

71 2587 268 2674 speciesque
298 2587 398 2660 omni,
423 2587 587 2656 famulatu
613 2586 769 2673 praebuit
789 2587 822 2650 se
842 2586 982 2652 materia
1002 2587 1187 2664 conditori,

70 2685 195 2756 utpote
223 2669 373 2736 Domino
404 2685 438 2734 et
462 2667 604 2734 creatori
625 2671 703 2744 suo,
738 2689 806 2756 quo
830 2669 975 2735 diversae
994 2669 1190 2736 coelestium

70 2759 351 2840 terrenorumque
381 2755 423 2820 de
450 2752 662 2839 limplicitate
675 2767 678 2774 '
692 2767 726 2817 et
761 2751 895 2834 unitate
913 2772 1094 2839 corporum
1116 2753 1189 2840 post

69 2836 352 2902 resurrectionem
386 2859 427 2900 ex
464 2858 502 2900 ea
524 2839 662 2902 duceret
682 2837 816 2901 format.
861 2837 950 2902 Cum
970 2858 1050 2902 vero
1071 2857 1123 2902 tea
1145 2838 1191 2902 ad

68 2921 160 2986 illud
187 2919 365 3006 coeperint
395 2918 565 2996 festinare,
595 2935 636 2983 ut
656 2919 720 2984 lint
742 2939 859 2984 omnea
880 2941 1007 2995 unum,
1040 2920 1123 2986 ficut
1145 2919 1191 2992 est

67 3007 173 3070 Pater
193 3025 270 3069 cum
286 3002 374 3066 Filio
389 3023 521 3067 unum:
544 3003 644 3068 conse
667 3019 788 3068 uenter
803 3001 950 3090 intelligi
963 3005 1072 3078 datur,
1094 3005 1189 3089 quod

70 3087 137 3152 ubi
159 3086 405 3152 omnea'unum
426 3086 522 3160 sunt,
560 3093 628 3169 jam
646 3025 819 3151 iiverstta‘e
839 3107 912 3152 non
933 3086 1008 3151 erit.
1049 3089 1222 3176 Propte-x

68 3191 132 3236 rea
164 3191 310 3256 namque
339 3167 535 3234 noviffimut
566 3168 726 3237 inimicue
756 3169 920 3236 Diabolus
941 3169 1001 3257 qui
1020 3191 1112 3236 mora
1133 3192 1190 3257 ap·

67 3255 234 3341 pellatur,
259 3251 379 3318 destrui
402 3251 547 3327 dicitur.
570 3269 611 3318 ut
631 3273 743 3339 neque
766 3256 853 3320 ultra
874 3252 963 3318 triste
984 3253 1024 3318 fit
1045 3252 1186 3341 aliquid,

67 3335 136 3402 ubi
166 3358 255 3404 ruore
288 3335 444 3411 nonest,
474 3357 585 3422 neque
608 3337 775 3402 diversum
796 3337 852 3413 fit,
884 3336 944 3402 ubi
964 3357 1037 3404 uon
1060 3338 1105 3402 ess
1124 3335 1190 3414 ini-

68 3419 196 3486 micus.
229 3417 360 3483 Delirni
381 3419 458 3482 sane
477 3417 675 3504 noyiffimua
696 3418 857 3488 inimicua
877 3418 926 3485 ita
945 3419 1190 3508 intelligenduo
1225 3419 1228 3428 ¹

70 3503 139 3577 est,
161 3523 232 3568 non
254 3518 294 3565 ut
314 3498 493 3566 substantia
515 3505 587 3582 ejut
611 3525 698 3590 quae
717 3525 737 3568 a
756 3506 830 3568 Deo
854 3503 942 3568 stota
964 3504 1024 3580 est,
1054 3517 1189 3592 perenn

68 3587 136 3652 secl
168 3602 208 3650 ut
237 3585 445 3684 propofitum
467 3599 502 3650 et
520 3588 680 3667 voluntat
699 3582 840 3652 inimica
861 3607 947 3672 quae
966 3607 1040 3673 non
1062 3608 1081 3652 a
1101 3589 1189 3662 Deo,

66 3670 133 3735 secl
161 3670 202 3734 ab
235 3668 309 3755 rplo
330 3665 519 3765 proceffit,·
542 3667 697 3735 intereat.
739 3668 934 3734 Destruetur
954 3691 1034 3818 erfio
1055 3690 1127 3748 nou
1149 3681 1191 3732 ut

65 3774 148 3819 non
177 3753 235 3826 lit,
266 3752 324 3818 sed
355 3768 396 3816 ut
425 3749 586 3818 immicus
615 3769 650 3820 et
676 3773 767 3819 mota
795 3772 867 3816 non
889 3753 938 3816 lit.
1014 3751 1075 3816 ihil
1097 3750 1191 3818 enim

67 3832 307 3924 omnipotenti
336 3832 538 3922 impoffibile
565 3835 630 3911 eli,
679 3857 746 3902 neo
772 3833 958 3900 insanabile
988 3835 1033 3899 eli
1061 3833 1193 3934 aliquid

68 3917 199 3986 sartori
219 3919 291 3996 luo.
310 3933 315 3946 ’
331 3919 398 3984 Pro
425 3933 514 3984 terea
534 3917 628 3984 enim
647 3917 732 3985 serit
750 3918 885 3994 omnia,
907 3934 948 3982 ut
968 3919 1087 3994 essent,
1109 3921 1191 3984 tdeo

69 4024 153 4070 non
173 4003 236 4068 elle
257 4022 329 4069 uon
350 3942 495 4090 polunt.
548 4004 692 4094 Propter
712 4006 805 4090 quod
824 4000 1099 4068 immutationem
1119 4001 1195 4090 qui.

71 4084 449 4177 deuryarietatemque
477 4084 665 4174 recipient,
694 4083 743 4152 ita
773 4099 813 4150 ut
843 4105 906 4171 pro
927 4084 1056 4151 meritis
1077 4088 1131 4150 vel
1152 4083 1191 4150 in

68 4168 219 4241 meliore
250 4171 306 4238 vel
338 4167 376 4236 iu
407 4167 573 4240 deteriore
598 4173 787 4242 habeantur
814 4167 915 4240 statu:
947 4167 1219 4240 substantialem·

586 4292 818 4358 waa=
