2948 4978
294 229 349 302 rr
397 307 406 334 ..
618 215 1068 336 paparanum.
1183 195 1214 279 '-

294 411 388 496 dicta
406 409 494 477 ratio
515 405 644 496 appetit
661 407 810 474 suadem.
851 403 1126 484 maanaim,
1147 423 1315 495 ueapare
1333 427 1410 495 par·
1472 401 1473 474 3

293 495 412 584 spicio,
457 495 605 558 uomodo
628 481 786 557 diffinitio
807 491 1038 576 cujuscunque
1056 487 1212 556 essentiae
1230 511 1302 556 nou
1318 489 1412 558 intra
1472 529 1473 538 .

293 579 410 668 ipsam,
432 517 489 644 iod
510 589 600 640 extra
622 573 762 649 dicatur,
783 577 850 642 hoo
871 574 927 650 ast,
947 594 1059 660 neque
1079 589 1192 650 totuin
1206 572 1325 660 ipsine,
1348 597 1408 638 ne·
1472 599 1473 636 t

294 666 370 750 que²
382 681 459 749 para
476 658 543 726 dici
555 659 674 724 valeat.
708 659 759 724 M.
776 656 947 726 Attentior
961 675 1041 744 ergo
1061 657 1137 733 esso,
1159 671 1200 720 ut
1213 660 1325 722 ethoc
1363 658 1410 722 la·

117 807 122 820 ,
170 784 174 796 «
293 768 341 810 ne
361 743 552 831 cognoscas.
583 745 627 807 D.
650 743 825 828 Quantum
845 744 904 807 lux
923 739 1065 805 interior
1085 739 1245 806 admittit.
1274 681 1410 806 Mitte

295 830 440 916 quaeso,
465 846 543 892 cum
566 847 679 890 rerum
700 825 854 890 omnium
877 825 945 890 duo
961 845 1085 911 genera
1097 825 1172 901 sint,
1195 845 1296 898 omne
1314 823 1410 888 enim

294 913 388 998 quod
400 908 526 975 dicitur
539 909 613 984 esse,
635 923 694 974 aut
711 908 840 974 visibile
857 907 911 985 ess,
933 921 969 972 et
985 907 1130 972 sensibus
1145 905 1316 994 corporeis
1333 927 1408 994 per·

274 993 432 1080 cipitur,
454 1008 513 1058 aut
533 989 663 1079 percipi
683 993 808 1078 potest:
830 1006 901 1071 iaut
919 989 1086 1056 invisibile
1107 1005 1141 1055 et
1161 989 1410 1078 intelligentiae
1472 1041 1473 1086 p

297 1082 423 1144 obtutu
445 1078 692 1150 consideratur,
722 1090 782 1139 aut
809 1074 1008 1140 considerari
1028 1074 1180 1162 possibile
1202 1073 1246 1138 est
1267 1089 1327 1137 aut
1345 1095 1410 1160 per
1472 1131 1473 1170 .

291 1162 344 1238 se,
374 1175 434 1225 aut
452 1182 514 1248 per
536 1158 672 1244 aliquod
692 1157 752 1224 stbi
773 1160 975 1230 adhaerente
1005 1157 1043 1224 in
1064 1177 1132 1247 quo
1152 1156 1407 1244 praedictorum
1472 1195 1473 1204 .

292 1265 457 1334 generum
477 1239 691 1308 diffinitionis
713 1242 780 1306 esse
799 1239 942 1324 judicet.
1171 1295 1176 1308 .

281 1399 288 1410 ,
354 1337 407 1410 44.
429 1331 472 1395 D.
492 1321 689 1391 Ridiculum
709 1324 802 1390 istuc.
844 1323 931 1410 Quia
953 1321 1044 1387 enim
1066 1324 1180 1388 locum
1203 1323 1262 1389 sea
1287 1322 1409 1400 stum,
1470 1301 1473 1424 j

291 1411 351 1476 seu
372 1409 622 1484 diffinitionem,
645 1408 704 1470 seu
719 1410 988 1496 qualemcunque
999 1405 1319 1495 circumscriptionis
1336 1409 1410 1494 spe-
1471 1435 1473 1508 q

291 1489 1411 1661 te·..ttt.t¹¹.³tttttttatt¹³.ltliubilant*e
1471 1553 1473 1628 t

289 1599 418 1725 iueritt
448 1679 526 1724 cum
553 1657 670 1723 videat
698 1657 861 1724 terminon
890 1655 1019 1734 lineae,
1053 1657 1112 1720 seu
1138 1657 1317 1744 trianguli,
1342 1598 1411 1722 ieta
1470 1703 1473 1736 J

290 1741 435 1822 alicujus
454 1743 575 1828 planae
595 1739 763 1808 solidaeve
787 1741 915 1840 sigorae
932 1739 1150 1826 incorporeos
1173 1741 1264 1808 ellel
1295 1741 1410 1808 Panc-

289 1840 347 1890 tua
362 1824 530 1910 siquidem
551 1847 591 1890 ex
612 1845 679 1912 quo
700 1827 792 1890 linea
812 1821 954 1911 incipit,
987 1837 1022 1886 et
1041 1822 1078 1888 iu
1101 1843 1169 1911 quo
1191 1821 1407 1901 terminatur,
1453 1871 1457 1884 .

289 1929 356 1973 nec
374 1908 466 1980 linea
488 1908 532 1973 esi
552 1927 617 1974 nec
636 1930 711 1994 para
735 1913 806 1988 eiua
827 1907 892 1984 est,
922 1907 981 1970 sed
1000 1905 1165 1973 terminus
1180 1909 1308 1972 lineae.
1358 1909 1411 1972 Ac

288 2013 352 2080 per
371 1993 438 2056 hoc
457 1994 553 2062 locua
575 1995 645 2072 eiua
667 2013 732 2056 nee
753 1990 851 2058 sensu
895 1987 1074 2076 ercipitur‚
1105 1991 1163 2054 sed
1184 1992 1251 2056 sola
1270 1989 1409 2056 ratione

290 2073 470 2164 cogitatur.
510 2076 663 2141 Punctua
686 2074 779 2140 enim
799 2075 855 2138 sen
883 2071 981 2164 bilis.
1010 2095 1091 2172 para
1111 2072 1222 2140 liuere
1243 2073 1304 2140 esta
1330 2095 1409 2140 nou

292 2175 410 2224 autem
435 2163 507 2239 eiua
535 2155 745 2244 principium
773 2158 831 2221 seu
851 2156 940 2224 finia.
983 2155 1146 2223 Similiter
1167 2174 1202 2222 et
1223 2155 1294 2245 ipsa
1313 2156 1411 2224 linea

289 2241 423 2308 ratione
451 2243 603 2307 consulta
624 2240 825 2330 incorporea
846 2239 908 2316 est,
944 2255 979 2304 et
999 2242 1043 2305 est
1063 2239 1173 2328 princi
1199 2239 1273 2305 ium
1293 2241 1410 2328 super-

197 2383 208 2406 ,
289 2323 391 2390 ficiet.
433 2328 518 2390 Item
538 2324 731 2411 superficies
751 2324 951 2408 incorporea
974 2323 1035 2398 est,
1058 2339 1093 2388 et
1114 2323 1158 2389 est
1175 2265 1258 2389 ¹imit
1271 2321 1408 2392 lineae:
1470 2349 1471 2352 ¹

172 2461 175 2470 .
204 2407 208 2418 '
287 2405 497 2496 principium
519 2429 601 2474 vero
627 2406 825 2473 Soliditatia.
870 2405 1027 2472 Soliditaa
1048 2427 1184 2576 quoque
1203 2407 1409 2506 incorporea

288 2490 354 2569 est,
390 2506 426 2556 et
459 2491 503 2556 esi
536 2487 615 2556 sitiia
643 2491 750 2556 totiua
775 2487 1008 2577 perfectionit.
1084 2488 1226 2576 uicquid
1250 2512 1343 2556 enan
1367 2513 1409 2556 tn

233 2593 237 2598 ·
289 2574 364 2649 hia,
394 2573 511 2650 idest,
540 2575 607 2638 save
627 2590 814 2659 punctum,
837 2573 904 2636 five
924 2571 1070 2647 lineam,
1092 2573 1158 2638 sire
1179 2573 1407 2660 superficiem,

290 2659 357 2724 sive
383 2657 587 2722 soliditatem
616 2655 780 2722 visibilem
800 2675 982 2741 corporeae
1005 2654 1117 2722 sensae
1139 2655 1306 2742 attigerit3
1326 2680 1409 2756 pro·
1470 2669 1471 2672 ’

288 2740 424 2805 sectofi
490 2761 528 2804 ae
550 2740 815 2829 incorporalium
835 2760 948 2804 rarum
969 2738 1072 2814 sunt,
1101 2761 1173 2804 non
1196 2761 1312 2804 earum
1332 2743 1410 2826 rpsa

287 2845 367 2889 vera
395 2823 433 2888 su
457 2823 590 2901 stantia,
622 2845 709 2911 quae
735 2823 935 2920 incorporea
957 2821 1012 2887 est.
1056 2821 1284 2910 Similiterque
1305 2840 1408 2889 natu·

287 2907 409 2974 ralium
439 2927 618 2994 corporum
640 2908 706 2972 five
727 2905 892 2971 fenfibrlia
913 2907 977 2970 fiut
994 2926 1056 2992 per
1077 2921 1212 2972 contem
1238 2905 1408 2972 arantium
1468 2913 1473 2950 “⁴

284 2993 531 3062 elementorum
551 2989 674 3077 quibua
694 2988 885 3064 subsistunt,
917 2989 984 3052 five
1003 2989 1189 3054 subtilitate
1209 2930 1260 3052 iiii
1280 3005 1409 3056 morta·
1472 2999 1473 3022 ¹

286 3077 336 3138 lea
363 3071 514 3159 fugitent
540 3073 733 3137 contuitus:
763 3072 834 3136 solo
865 3071 1042 3136 intellectu
1062 3088 1202 3137 naturae
1222 3072 1307 3138 finea
1328 3096 1408 3161 per-
1470 3079 1473 3156 l

286 3153 486 3242 spiciuntur.
529 3157 649 3219 Forma
676 3155 840 3242 siquidem
867 3175 952 3241 quae
975 3176 1111 3220 omnem
1131 3154 1306 3222 materiam
1329 3177 1408 3222 cor·
1472 3237 1473 3240 Ἴ

285 3258 425 3325 porcam
446 3236 622 3310 continet,
648 3237 847 3324 incorporea
869 3237 923 3302 est.
968 3238 1041 3324 Ipsa
1062 3237 1154 3304 enim
1174 3237 1341 3316 materies,
1366 3243 1408 3306 fi-

286 3318 364 3469 quia
386 3319 539 3468 iniqntlua
562 3320 741 3419 aspexerit,
766 3319 1278 3470 ex·inc·ssi‚ssiirei⁸ffiiit·aiibm
1298 3345 1410 3409 copta·
1470 3335 1473 3375 l

148 3513 159 3526 ,
288 3419 387 3552 titi·
402 3417 1050 3586 ...dllstslglill‘adldz
1073 3421 1411 3586 ..stallati
1470 3507 1473 3524 ‹

286 3570 360 3638 rias
388 3574 433 3636 D.
454 3574 505 3634 Ita
525 3573 664 3656 quidem
685 3573 844 3636 arbitror:
875 3585 910 3634 et
928 3571 979 3634 nil
1000 3585 1125 3636 aarum
1147 3572 1260 3636 video.

344 3663 398 3734 46.
427 3656 479 3720 Μ.
496 3657 617 3718 'Recte
638 3653 805 3720 aestimas
839 3654 896 3718 sed
917 3652 1142 3740 quiritatum
1163 3653 1410 3742 genuaiuvifi-
1472 3703 1473 3706 κ

286 3734 410 3802 biliam
437 3735 476 3801 in
508 3739 634 3804 miritae
667 3737 794 3824 speciea
816 3735 925 3802 dividi
945 3736 1091 3823 petitura
1122 3741 1287 3825 quaedam
1308 3737 1411 3806 enirn

287 3815 509 3884 invisibilium
529 3822 610 3886 sunt
628 3843 715 3909 quae
735 3819 944 3906 intelligunt,
968 3835 1003 3886 et
1019 3820 1277 3920 intelliguntur3
1301 3843 1410 3910 quae·
1472 3819 1473 3882 i

286 3903 365 3966 dam
386 3923 472 3990 quae
490 3925 602 3992 neque
623 3904 879 3992 intelliguntur,
902 3925 1014 3994 neque
1035 3903 1146 3970 intelli
1195 3921 1253 3970 nti
1274 3905 1312 3970 in
1337 3927 1411 3994 qua
1472 3927 1473 3968 t

288 3983 401 4070 specie
419 3988 543 4052 horum
564 3987 784 4054 diffinitiones
805 3992 1096 4054 connumerandas
1163 3988 1336 4055 ecenseai
1358 3993 1410 4058 D.
1472 4013 1473 4050 t

288 4071 329 4131 ln
362 4089 402 4132 ea
432 4071 609 4157 profecto,
640 4093 727 4172 quae
755 4069 918 4159 intelligit
939 4087 974 4137 et
992 4069 1205 4160 intelligitur.
1247 4071 1347 4138 Actio
1370 4075 1415 4138 ii-
1472 4103 1473 4134 .

287 4149 426 4239 quidem
457 4153 692 4234 diffinitiouu.
727 4151 963 4224 ratiocinantia
991 4153 1280 4246 intelligentisque
1307 4171 1414 4226 natu·
1472 4235 1473 4244 ἵ
