2854 4978
459 236 567 324 Liber
592 235 745 334 Terdec.
1079 235 1157 308 888

60 425 135 492 dicit
151 425 257 500 ratio,
279 443 483 512 cognoscere
503 439 616 490 autem
636 424 730 488 luam
747 423 957 489 voluntatem
978 421 1170 486 dominum

59 513 173 595 semper
206 507 302 596 pium
335 507 446 574 dicere
475 525 515 574 et
538 509 659 590 justum
689 507 748 586 ell3
788 508 1055 592 unumquodque
1076 525 1157 570 vero

60 615 163 658 eorum
194 613 284 680 quae
311 591 400 657 fecta
426 593 505 656 lunt
532 594 651 657 velena
681 592 773 657 feeit.
816 589 922 677 Igitur
942 606 982 652 ut
1003 591 1075 653 luae
1097 610 1157 654 vo·
1192 625 1200 644 ι
1305 579 1311 592 '

57 679 196 742 luntater-
230 674 388 741 dominue
415 673 591 762 cognoecit
622 695 660 740 ee
690 697 775 762 quae
802 676 898 747 lunt,
931 672 1093 758 quoniam
1123 687 1158 736 et

57 762 162 824 volent
186 781 224 824 ea
246 781 330 846 quae
347 761 425 824 sunt
441 759 533 824 lecit.
565 761 614 822 Μ.
635 761 929 845 Quemadmodum
944 756 1052 843 igitur
1065 761 1157 821 Deua

58 845 120 908 luae
140 845 331 908 voluntates
352 843 464 918 videt,
495 843 600 908 itaet
621 865 660 908 ea
682 857 767 929 qu‘ae
787 841 870 907 iecit
890 839 1010 904 videt?
1040 843 1085 902 D.
1108 845 1157 904 lta

59 927 184 1013 quidem
213 942 248 990 et
279 949 351 992 non
382 925 487 991 aliter.
529 928 608 994 Non
637 941 748 992 autem
778 940 818 990 ut
846 917 1040 1070 infifitient'ee
1063 929 1157 986 autri·
1244 937 1248 948 ·

55 1026 139 1073 mant
157 1031 218 1106 per
240 1011 371 1074 lenium
391 1009 578 1086 lenfibilia,
615 1032 726 1098 neque
746 1031 807 1097 per
828 1007 901 1072 inte
928 1023 1040 1072 ectum
1060 1006 1159 1071 intel·
1267 1019 1270 1028 ’

55 1093 195 1179 ligititn,
217 1095 274 1158 led
290 1097 573 1179 quemadmodum
589 1095 661 1158 laea
673 1095 877 1164 voluntatem,
894 1089 1158 1156 italenlibilieet
1195 1105 1203 1120 ¹
1234 1083 1238 1110 '

55 1175 271 1263 intelligibilia
291 1177 394 1243 videt.
417 1181 465 1242 Μ.
483 1181 582 1242 Hanc
595 1199 633 1242 ac
674 1200 733 1241 ure
747 1174 922 1262 intelligit,
942 1173 1158 1240 leddicaefla·

55 1260 261 1409 terte
278 1261 373 1430 let
387 1201 1158 1410 nnnrnnlnnnnertin

56 1427 185 1490 idoneue
222 1427 281 1514 qui
302 1426 384 1493 huic
403 1427 626 1516 propofitioni
648 1414 725 1492 sitia
747 1442 904 1513 recteque
922 1426 1155 1512 respondeam.

57 1511 204 1576 Coarctor
226 1511 318 1576 enim
341 1513 426 1576 undi
450 1533 494 1576 ue
515 1534 594 1576 nem
615 1513 639 1576 fi
660 1511 775 1576 dixero
798 1510 990 1582 aliud.mox
1004 1507 1155 1582 dicturtu

56 1593 120 1658 cria.
162 1597 242 1659 Non
264 1616 342 1682 ergo
363 1611 404 1659 ut
424 1535 497 1660 iiras
519 1598 711 1661 voluntates
732 1599 825 1658 Deua
846 1592 941 1657 videt
958 1613 1043 1678 quae
1060 1592 1155 1658 fecit.

55 1679 86 1739 ln
115 1677 247 1743 diversra
278 1678 368 1744 enim
397 1695 584 1766 naturaque
617 1677 849 1744 differentibus
870 1698 940 1741 una
962 1697 999 1740 ac
1020 1676 1157 1762 simplex

55 1759 124 1824 vifio
145 1761 216 1826 fieri
239 1783 311 1826 non
333 1763 449 1848 potest.
491 1765 536 1826 Et
557 1764 750 1828 concludet.
791 1759 917 1826 Divina
941 1775 1054 1824 autem
1074 1759 1158 1824 visto

57 1843 178 1930 iimplex
211 1845 258 1909 ell
282 1861 316 1909 et
338 1868 407 1910 una
429 1861 463 1910 et
482 1845 673 1913 uniformis.
722 1845 829 1935 lgitur
848 1845 873 1908 [ι
895 1843 987 1908 aliud
1009 1842 1053 1907 est
1075 1842 1158 1906 divi·

56 1931 296 2004 revolantes,
333 1945 368 1992 et
398 1925 490 1994 aliud
517 1933 609 2029 quod
642 1931 742 2006 fecit,
782 1950 852 1994 non
881 1943 921 1991 ut
946 1928 1157 1992 voluntatem

58 2010 135 2074 luem
164 2013 272 2077 videt.
315 2011 351 2076 Si
373 2029 486 2078 autem
509 2012 650 2078 dixerim
673 2036 744 2079 non
767 2013 876 2087 aliud,
895 2009 1088 2076 'neceilario
1113 2010 1159 2074 se·

57 2109 180 2236 Fretur:
211 2097 374 2160 Voluntae
396 2096 501 2184 igitur
523 2097 588 2162 Dei
611 2099 698 2161 facta
721 2097 783 2168 est.
808 2111 841 2160 et
860 2096 1053 2175 voluntates
1083 2094 1157 2158 luae
1245 2107 1254 2126 ¹

70 2177 143 2252 ecit,
165 2196 198 2243 et
214 2202 302 2266 quae
317 2179 399 2244 lecit
414 2183 605 2246 volunlater
619 2181 695 2246 luae
713 2181 800 2245 lunt.
832 2181 906 2243 Una
923 2178 1013 2242 enim
1028 2181 1158 2241 eadem·

58 2279 112 2345 que
132 2279 165 2326 et
185 2263 462 2362 limplexndivine
482 2265 564 2330 'vilio
587 2264 681 2350 cogit
700 2286 827 2337 unum,
853 2277 887 2326 et
908 2261 945 2326 id
966 2261 1074 2346 ipsum
1095 2261 1159 2325 effe

57 2363 148 2491 tlt?
175 2349 432 2504 diffidit
448 2351 548 2496 llll
564 2364 681 2518 llll
696 2345 1180 2503 lilltlllldtttttt

59 2525 87 2571 et
113 2533 194 2597 quae
226 2517 311 2579 deue
348 2514 424 2579 ecit.
466 2517 515 2580 Ea
536 2514 698 2600 liquidem
719 2512 862 2577 unificat
882 2511 1018 2607 simplex
1040 2510 1157 2576 divine

57 2591 125 2659 vilio
153 2619 240 2684 quae
269 2595 383 2661 omnia
412 2596 525 2673 videt,
558 2619 667 2664 unum
700 2613 735 2660 et
765 2617 872 2660 unum
901 2614 1025 2660 omnia.
1068 2595 1156 2658 Etli
1262 2663 1265 2669 ,

59 2677 113 2740 hoe
134 2683 250 2745 datum
271 2679 391 2756 fuerit,
415 2702 536 2746 vereor
556 2703 601 2746 ne
623 2681 710 2745 forte
730 2698 785 2742 me
806 2677 986 2763 compellar
1007 2699 1116 2742 unum
1138 2699 1157 2740 e
1208 2691 1211 2696 ’

59 2760 177 2828 duobus
205 2763 320 2840 fateri,
352 2778 412 2828 aut
432 2762 593 2828 videlicet
620 2765 791 2850 segregare
817 2763 1028 2826 voluntatem
1063 2759 1157 2824 deia

59 2845 137 2920 Deo,
167 2863 204 2911 et
237 2847 378 2933 adjungi
399 2861 569 2912 creaturae
591 2846 640 2910 ita
662 2862 701 2910 ut
724 2844 876 2909 aliud-fit
895 2846 988 2907 Deue
1011 2859 1045 2907 et
1066 2842 1158 2906 aliud

60 2925 107 2990 lua
124 2932 299 3016 voluntas,
321 2933 389 2996 hoc
411 2929 472 3006 est,
494 2945 535 2994 ut
554 2932 646 2993 Deus
664 2930 704 2992 fit
723 2929 848 3001 factor.
871 2929 1028 2990 voluntate
1045 2941 1158 2990 autem
1191 2995 1199 3006 ,
1229 2996 1230 3006 χ

59 3013 119 3086 eiua
140 3014 252 3092 facta3
274 3018 342 3077 Aut
362 3015 385 3076 fi
406 3017 474 3080 hoc
494 3034 566 3078 non
587 3011 664 3078 furit
685 3033 763 3076 vera
783 3011 870 3075 ratio
890 3009 1020 3086 dicere,
1046 3009 1159 3074 necet:

61 3091 132 3158 lario
152 3097 302 3172 fatebor,
335 3111 369 3161 et
390 3097 567 3162 dominum
590 3111 624 3160 et
644 3095 837 3160 voluntates
860 3093 951 3167 suae,
990 3110 1024 3157 et
1043 3091 1158 3174 omnia

61 3196 143 3260 quae.
161 3180 266 3255 iecit,
295 3202 403 3244 unum
433 3197 467 3244 et
487 3179 524 3245 id
544 3179 741 3265 iplumelle
762 3199 800 3243 ac
821 3177 888 3242 fine
910 3199 1002 3242 mora
1024 3175 1158 3241 ratioci-

60 3259 195 3328 nationis
226 3263 354 3328 virtute
385 3280 529 3351 cogente
558 3264 801 3328 concludetur:
834 3265 929 3326 Deua
950 3259 1055 3348 igitur
1076 3259 1159 3347 leip-

60 3340 122 3406 lnm
140 3347 238 3421 fecit,
261 3348 285 3411 fi
306 3369 377 3412 non
399 3365 490 3412 extre
513 3351 584 3427 ejuc
602 3362 754 3412 naturam
770 3347 847 3410 suae
865 3346 1056 3430 voluntates
1068 3346 1157 3418 lunt,

62 3440 90 3486 et
115 3449 182 3494 non
211 3431 308 3496 aliter
326 3430 421 3494 videt
441 3433 514 3496 suaa
534 3432 761 3506 voluntatea,'
786 3444 820 3494 et
842 3428 939 3494 aliter
959 3451 1044 3516 quae
1064 3428 1158 3503 fecit,

60 3505 108 3572 led
135 3529 174 3576 ut
201 3515 277 3579 luae
310 3515 502 3579 voluntates
533 3512 629 3578 videt
658 3535 744 3600 quae
763 3510 865 3587 iecit.
906 3515 953 3575 Et
979 3513 1003 3576 fi
1032 3511 1080 3574 ita
1103 3511 1157 3583 est,

62 3590 126 3674 quic
159 3599 200 3662 de
230 3597 428 3662 aeternitate
449 3595 605 3662 omnium
625 3619 711 3682 quae
735 3597 822 3660 faeta
843 3596 921 3658 lunt
941 3594 978 3674 in
1000 3598 1076 3660 Deo
1100 3594 1159 3655 du·

60 3672 186 3758 bitaret,
223 3684 359 3768 quando
379 3703 452 3746 non
473 3681 581 3746 solum
602 3679 690 3744 iacta
711 3695 746 3742 et
766 3694 900 3742 aeterna
914 3699 1034 3741 verum
1057 3674 1160 3740 etiam

61 3757 141 3826 Deus
170 3765 232 3828 elle
262 3763 530 3852 intelliguntur?
562 3763 612 3826 Μ.
635 3760 829 3827 Cautiffime
851 3782 890 3826 ae
911 3757 1161 3847 vigilantiffime

62 3841 188 3912 rationis
209 3847 275 3912 iter
295 3847 331 3912 in
373 3847 493 3914 ederit.
524 3847 573 3912 Ac
596 3867 658 3933 per
677 3844 789 3911 hocli
834 3855 894 3908 are
915 3843 1025 3908 intelli
1051 3841 1160 3908 iefine

64 3927 268 4016 ambiguitate
297 3933 333 3996 ul
349 3953 387 4008 a,
404 3929 468 3996 ita
498 3945 532 3995 et
560 3951 633 3996 non
655 3927 791 3992 alitere
817 3949 835 3990 e
877 3949 941 3993 uae
962 3925 1030 3992 dixi
1060 3927 1085 4002 ⁸,
1120 3925 1159 3990 in

64 4005 219 4078 suadenda
251 4014 447 4080 aeternitate
479 4013 633 4080 omnium
668 4031 754 4100 quae
782 4009 820 4076 in
848 3951 913 4077 liei
945 4013 1050 4077 verbo
1071 4011 1159 4074 facta

64 4087 132 4185 sont
151 4098 293 4184 amplior
312 4093 463 4168 laliorere
484 4094 701 4164 necessarium
723 4116 794 4160 non
813 4097 875 4162 effe
887 4093 1001 4161 video.
1036 4097 1080 4158 D.
1094 4095 1158 4156 De-

65 4178 142 4244 nde·
161 4201 216 4248 me
236 4197 275 4246 ut
296 4182 438 4250 arbitror
459 4183 540 4249 dum
562 4201 696 4250 mecum
716 4179 899 4246 liberaliter
914 4176 1000 4267 agie,
1023 4175 1157 4249 hecel,
