2922 4978
501 203 609 276 rato
630 207 794 290 Quum.
885 169 889 192 '
944 299 947 306 y
1117 203 1194 278 417

84 402 207 464 natura
229 390 429 452 daemonum
452 411 470 454 a
491 389 687 477 corporibus
708 386 830 455 abillo
852 411 927 455 aere
946 389 1006 456 tibi
1022 387 1190 471 adiunctis

81 467 299 544 liberabitur,
322 472 404 534 ficut
422 474 569 538 bumana
590 490 709 538 natura
732 471 781 537 rui
800 473 998 538 redemtoris
1011 473 1116 560 gratia
1131 475 1190 538 ad·

79 562 171 635 juta,
207 553 457 620 resurrectionis
486 551 660 622 momento
682 555 880 622 animalibus
902 556 1191 642 corruptibilibus·

81 659 150 724 qne
173 637 369 723 corporibus
389 639 593 730 absolvetur,
616 640 700 705 alius
713 637 889 706 differendi
903 641 998 704 locus
1011 640 1063 705 cll.
1087 639 1191 724 Quod

79 721 93 784 i
120 711 189 784 itur
208 722 377 806 Propheta
398 720 466 788 ait:
487 725 589 788 draco
614 723 676 811 ille
697 747 790 812 quem
801 717 966 814 formasti
985 725 1032 785 ud
1052 723 1189 788 illuden-

105 827 159 868 um
183 807 231 877 ei,
264 805 433 890 poffumus
454 807 497 871 lic
518 807 686 894 accipere:
718 807 886 894 quianon
910 805 1046 870 videtur
1067 827 1086 869 a
1106 805 1215 870 veris

80 902 152 953 tute
174 886 305 960 distare,
328 901 367 950 ut
387 886 423 952 in
445 891 596 957 draconis
616 889 857 979 fignificatione
878 887 1085 954 mortiferam
1106 889 1188 954 allu-

81 968 169 1034 tiam
191 969 315 1035 diaboli
336 966 628 1061 membrorumque
651 979 721 1054 ejus
744 975 809 1038 live
831 973 867 1038 in
890 971 1032 1059 angelis,
1064 971 1131 1062 [ive
1150 970 1190 1036 iu

78 1051 280 1119 hominibus
303 1053 413 1119 malis:
425 1059 585 1148 figmenti
604 1071 683 1124 v'ero
706 1059 762 1122 len
775 1052 994 1206 {ornationis
1009 1054 1188 1129 vocabulo,

82 1135 163 1224 quia
185 1136 228 1200 fic
251 1135 417 1203 diverfitas
439 1141 662 1229 interpretum
684 1143 774 1206 ecclc
800 1163 837 1205 ae
860 1141 970 1204 ulibus
991 1158 1031 1202 ex
1052 1135 1211 1211 Hebrai·.

82 1241 125 1286 co
144 1219 314 1283 transtulit
331 1222 482 1308 eloquio,
506 1241 565 1290 aut
581 1241 736 1289 naturam
756 1246 872 1289 corum
888 1223 1072 1289 secuudum
1088 1241 1190 1307 quam

84 1323 104 1366 a
135 1305 210 1366 Deo
231 1303 403 1368 substituta
424 1307 502 1372 lunt
521 1308 715 1396 priusquam
736 1321 931 1394 peccarent,
966 1319 1024 1368 aut
1044 1325 1083 1368 ea
1103 1323 1190 1388 quae

80 1400 220 1472 propter
248 1386 285 1448 [u
310 1385 434 1452 erbiam
464 1391 555 1456 suam
589 1391 636 1456 eis
658 1390 870 1479 superaddita
890 1390 988 1463 funt,
1024 1385 1190 1532 intellifa·

80 1489 167 1534 mus.
229 1468 271 1532 Se
316 1470 541 1561 qualicunque
561 1477 664 1540 modo
687 1473 889 1560 accipiamus
911 1471 1111 1558 figmentum
1147 1491 1191 1534 eu

80 1549 337 1628 formationem,
360 1557 427 1620 hoc
448 1557 491 1620 est
512 1559 577 1624 five
599 1561 797 1632 denatura,
829 1557 894 1620 five
917 1558 959 1620 de
980 1567 1119 1618 naturae
1138 1553 1190 1616 lu·

1 1695 2 1698 ,
80 1633 287 1721 peradditis,
309 1638 352 1700 ad
371 1637 583 1706 illudendum
605 1640 636 1704 ei
659 1663 677 1705 a
698 1639 819 1706 lanctis
840 1635 1036 1703 hominibus
1053 1634 1189 1710 sanctis·

1 1729 2 1754 ³
82 1739 148 1804 que
166 1716 307 1805 angelis
337 1719 489 1788 diabolus
511 1747 590 1790 cum
611 1725 670 1788 luo
693 1737 928 1809 totocorpore
949 1721 1111 1785 formatus
1133 1717 1187 1794 cst,

82 1823 154 1868 uon
174 1805 268 1880 justa
290 1807 381 1886 quod
402 1806 598 1872 naturaliter
620 1808 747 1884 iactus,
776 1807 833 1870 led
852 1809 945 1884 juxta
967 1804 1058 1889 quod
1078 1802 1116 1866 lu
1142 1822 1192 1864 er·

82 1883 210 1950 biendo
225 1884 368 1970 [uaeque
384 1904 523 1955 naturae
537 1890 736 1976 dignitatem
752 1890 932 1954 deferendo
946 1887 1092 1950 futurus.
1113 1825 1190 1948 illu·

82 1969 181 2032 detur
203 1966 294 2030 enim
316 1990 334 2033 a
358 1971 479 2038 sanctis
500 1973 628 2062 angelis
651 1978 733 2054 ejus·
775 1969 1041 2037 Remanentibus
1062 1965 1119 2054 qui
1170 1986 1190 2030 e

80 2048 147 2114 illis
169 2053 259 2114 bona
279 2053 475 2132 voluntate,
512 2073 546 2122 et
567 2055 754 2124 conditoris
775 2053 880 2142 gratia
901 2052 977 2117 lixis
997 2051 1035 2116 in
1058 2072 1097 2115 ea
1117 1990 1190 2113 iiii-

81 2132 184 2198 citate
215 2131 253 2197 in
275 2155 341 2219 qua
361 2139 462 2202 creati
485 2139 572 2204 funt.
613 2141 673 2204 lllc
693 2140 834 2227 superba
856 2135 1050 2236 ignorantia
1091 2154 1135 2197 ua
1155 2132 1190 2196 le

1 2289 2 2302 ξ
82 2217 235 2282 casurum
255 2239 326 2282 non
348 2221 588 2306 praesciverat3
611 2245 689 2286 nam
710 2223 734 2286 fi
754 2221 949 2309 praeferret,
971 2219 1039 2284 fort
1096 2238 1111 2280 s
1128 2214 1191 2292 fibi

80 2299 293 2448 pqacvideret
322 2325 367 2367 ne
395 2308 548 2390 caderet3
581 2308 662 2370 dece
688 2319 741 2369 tus
767 2303 984 2390 invidiaeque
1010 2300 1118 2374 livore
1138 2298 1190 2362 in·

1 2389 2 2460 ζ
126 2398 200 2457 tus,
230 2381 267 2448 in
295 2385 388 2450 luam
415 2388 535 2475 sponte
556 2390 629 2454 dela
654 2329 707 2452 iias
730 2387 773 2450 est
793 2385 970 2453 miseriam.
1011 2383 1090 2448 lusti
1108 2401 1190 2446 vero

82 2465 238 2530 homines
269 2469 426 2537 creatoris
449 2470 500 2536 lui
523 2493 562 2536 ac
580 2493 616 2535 rc
641 2469 777 2536 emtoris
797 2469 924 2557 pietate
944 2465 1076 2532 liberati
1097 2480 1132 2528 et
1151 2465 1192 2528 il·

80 2547 258 2626 luminati,
292 2553 441 2618 illudunt
471 2553 520 2630 ei,
556 2558 638 2620 dum
672 2553 781 2640 ipsum
811 2555 955 2617 latenter
975 2551 1083 2614 forma
1105 2545 1191 2612 boni

70 2633 291 2711 coloratum,
313 2635 546 2724 virtutumque
566 2635 790 2703 similitudine
806 2634 891 2718 vitia
906 2631 1191 2730 ¹mortiferumque

80 2713 231 2780 malitiae
252 2738 422 2784 venenum
437 2720 497 2807 lug
521 2736 670 2786 erentem
686 2717 886 2793 sentientes,
908 2735 987 2782 mox
1002 2727 1104 2800 caput
1117 2732 1190 2792 clus

83 2814 284 2876 coutermst,
308 2824 484 2902 escamque
498 2743 727 2892 ipiritualem,
760 2800 911 2866 divinam
931 2796 1092 2862 videlicet
1112 2815 1191 2880 pru·

81 2879 233 2947 dentiam
261 2907 347 2971 quae
381 2887 466 2952 vitra
487 2908 506 2952 a
525 2887 708 2952 virtutibus
729 2884 873 2953 secernit
893 2903 937 2948 nc
959 2879 1098 2978 subdola
1114 2899 1191 2975 yer-

81 2963 170 3030 lutia
203 2985 260 3029 eos
291 2970 405 3035 fallere
437 2970 565 3046 valeat,
602 2969 755 3034 internae
786 2963 998 3046 discretionis
1021 2961 1190 3057 ‚dentabus

80 3047 342 3128 comminuunt,
363 3053 502 3140 verique
523 3052 606 3119 boni
626 3051 761 3118 finceris
782 3047 923 3138 dapibus
937 3043 1032 3114 omni
1043 3059 1190 3110 mixtura

79 3131 163 3198 mali
191 3132 355 3220 purgatis
369 3153 563 3203 vescuntur.
610 3138 729 3222 Neque
758 3133 893 3214 illorum
913 3128 1089 3204 mulieres,
1121 3130 1190 3191 hoc

80 3217 259 3297 estsenfus,
275 3219 497 3285 materialium
515 3242 626 3286 rerum
640 3215 834 3305 pulcritudo
850 3213 992 3363 decipit:
1015 3231 1191 3308 perquam

80 3300 242 3388 antiquus
264 3304 401 3368 coluber
420 3302 600 3369 libidinosa
622 3299 844 3367 delectatione
864 3320 918 3364 me
944 3297 1190 3392 iunte,mort1·

78 3387 152 3452 fera
188 3383 350 3451 vitiorum
384 3407 516 3451 venena
552 3381 820 3472 imprudentium
861 3380 982 3448 animis
1015 3377 1188 3474 diffundit.

80 3468 241 3535 Conterit
268 3489 347 3555 ergo
377 3469 516 3544 mulier,
550 3471 617 3534 hoc
638 3469 681 3533 cll
699 3467 827 3541 lenius,
849 3462 1012 3530 malitiam
1030 3463 1190 3558 ‘bonitate

81 3553 296 3639 discerpens,
320 3550 468 3620 fortioris
493 3550 663 3627 mulieris,
686 3549 753 3615 Dei
772 3546 867 3615 verbi
891 3543 1190 3640 uico,yntut1bus

77 3635 241 3713 incitata,
264 3651 377 3712 mota,
399 3637 534 3715 adjuta,
559 3637 734 3708 roborata,
759 3647 793 3696 et
815 3635 857 3696 ad
877 3629 1122 3722 perfectaonem
1138 3643 1189 3688 ac-

77 3717 186 3786 tionis
208 3735 242 3784 et
262 3715 558 3816 contemplationis
579 3720 763 3805 perducta,
787 3725 888 3801 caput
909 3712 1071 3796 serpentrs
1091 3721 1125 3770 et
1138 3727 1190 3792 caf

77 3803 151 3890 pita
173 3801 357 3869 diabolicae
377 3799 538 3867 mdclicet
552 3797 770 3888 suggestionis
784 3794 1062 3879 illecebrosaeque
1083 3791 1190 3887 delec-

78 3885 220 3952 tationis
252 3885 452 3974 primordia,
487 3887 581 3950 unde
601 3884 659 3948 eis
690 3880 818 3948 laetitia
845 3877 1027 3963 divinaque
1048 3873 1191 3972 efficitur

78 3968 255 4052 perfectio.
311 3968 427 4056 Qualis
461 3967 553 4033 enim
573 3971 679 4048 major
702 3963 831 4030 laetitia
852 3957 1131 4059 cstalpiritualrter
1147 3977 1190 4056 pn

78 4055 143 4118 hac
163 4051 235 4116 vita
257 4052 472 4138 degentibus,
497 4073 596 4138 quam
617 4045 825 4136 serpentinas
845 4044 1107 4141 libsdrnolasque
1122 4043 1191 4120 dau·
1216 4124 1219 4132 Ι

79 4135 151 4200 boli
173 4135 332 4202 versutias
353 4135 391 4210 in
413 4133 523 4222 leipfis
546 4133 657 4222 primo
677 4131 902 4210 convincere,
925 4149 964 4196 ac
983 4129 1106 4202 demde
1119 4123 1190 4190 suu·

700 4255 786 4319 tt-
