2912 4978
441 241 552 362 liter
569 241 769 324 Hermita-
1105 245 1165 326 86
1243 291 1248 297 -

91 424 251 518 prrerllcrri
271 427 400 528 potelir
439 428 498 496 leti
530 426 738 518 intelligibili
813 427 910 496 tiam
936 425 1161 504 rnlverrtarr

90 513 368 610 contemplationea
388 511 640 579 Univerlitatearl
661 513 739 580 dico
793 533 869 580 eum
890 526 925 578 et
943 513 1157 594 Creatorem)

89 599 212 660 bretrtrr
231 594 393 674 diximurr
413 617 506 665 nunc
527 598 667 662 eandem
687 611 827 662 naturae
840 595 1160 678 dirifionemiatiua‚

85 679 104 743 li
126 680 266 754 videtur.
300 695 498 766 repetrmm.
539 683 583 746 D.
614 679 754 745 Videtur
773 677 909 766 quidem
929 695 965 748 et
981 683 1080 749 valde
1099 704 1160 752 ne·

85 761 250 838 cellarium
272 781 351 826 nam
373 761 396 826 li
415 761 526 828 latiori
546 761 687 828 rationis
707 762 744 828 in
768 761 924 828 uifitione
944 783 1015 830 non
1034 765 1160 912 aperia-

85 860 144 921 tur,
166 859 248 908 tacta
268 841 477 911 solummodo
499 860 533 910 ct
552 867 623 912 non
649 845 699 911 dir
769 844 957 932 arcietiilic
975 847 1055 912 vide
1078 848 1158 914 itur.

81 930 121 991 M.
144 926 230 991 Taiir
256 926 371 1014 itaque
397 944 484 1005 erat,
516 943 556 994 ut
582 928 720 1017 opinor,
750 927 940 1016 supradicta
961 929 1159 998 universali·

21 1079 23 1082 ,
54 1085 57 1096 Ι
81 1026 202 1074 naturae
226 1009 461 1098 quadriformis
483 1009 616 1087 divisio,
645 1011 684 1076 in
705 1033 778 1080 eam
797 1009 925 1077 scilicet
944 1013 1085 1078 formam
1104 1015 1160 1080 vel

78 1092 204 1180 speciem
225 1095 263 1173 (li
282 1093 346 1159 rite
366 1095 490 1170 forma,
511 1097 566 1160 vel
586 1094 712 1182 specie·
733 1094 875 1161 licenda
899 1093 943 1160 eli
963 1095 1072 1182 prima
1089 1116 1161 1163 om·

20 1223 21 1248 2
78 1175 160 1242 nium
185 1177 298 1253 causa,
331 1199 417 1264 quae
443 1179 576 1265 superat
601 1199 739 1244 omnem
768 1179 910 1244 formem
939 1192 976 1242 et
1002 1177 1158 1266 speciem,

78 1261 146 1324 dum
171 1259 210 1324 lit
235 1261 417 1326 formarum
435 1277 474 1338 ,et
492 1259 676 1348 specierum
697 1259 851 1328 omnium
870 1259 1016 1326 informe
1034 1261 1160 1350 princi·

76 1341 170 1428 pium)
188 1365 275 1429 quae
295 1358 442 1435 creater
460 1365 531 1410 non
552 1359 703 1423 cretton
734 1343 881 1410 informe
901 1358 1014 1409 autern
1032 1343 1159 1431 princi·

76 1423 157 1511 pium
182 1441 360 1512 propterea
387 1430 499 1492 Deum
520 1426 681 1503 dicimur,
715 1449 760 1492 ne
781 1425 856 1515 quia
876 1427 1161 1498 conformatum

75 1529 200 1574 numero
221 1509 370 1574 aestimet
387 1509 532 1586 oenleri,
556 1513 637 1575 dum
656 1511 695 1574 lit
715 1512 896 1576 formarum
912 1507 1066 1577 omnium
1082 1530 1159 1575 cru·

75 1591 115 1668 ia;
144 1589 155 1654 i
179 1592 252 1657 lum
281 1591 408 1657 etenim
436 1614 537 1660 omne
562 1593 742 1658 formatum
762 1593 907 1681 appetit,
938 1613 1017 1658 cum
1038 1593 1078 1656 fit
1096 1611 1161 1680 per
1187 1591 1196 1604 '

19 1677 20 1684 ’
75 1675 102 1738 ie
125 1615 229 1760 ipium
257 1673 414 1740 inlinitur
435 1693 469 1740 et
488 1677 564 1762 plur
606 1685 685 1742 urm
704 1670 877 1753 inlinitur,
908 1675 953 1740 elt
971 1673 1064 1740 enim
1082 1673 1160 1739 infi-

74 1756 148 1822 nitae
166 1757 321 1824 omnium
341 1757 560 1825 infinitatum.
585 1697 691 1906 §uod
705 1758 811 1847 igitur
823 1759 916 1824 nulla
929 1758 1036 1824 forma
1048 1777 1159 1823 coarc·

73 1855 150 1904 tatur
168 1843 222 1906 vel
244 1839 429 1918 diffinitur,
473 1841 528 1906 uia
548 1844 608 1907 nul
622 1841 841 1908 ointeliectu
859 1839 1087 1928 cognoscitur,
1108 1860 1160 1904 ra·

73 1921 253 1989 tionrbiliua
277 1923 402 1990 dicitur
422 1863 568 1990 iniorme
589 1946 689 2013 quam
709 1927 911 2003 formatumr
954 1924 1012 1988 uia
1032 1938 1072 1987 ut
1092 1923 1159 1986 sae·

73 2028 110 2092 pe
137 2005 266 2073 dictum
298 2007 361 2082 cii,
395 2007 507 2073 verior
534 2031 595 2095 per
619 2009 835 2097 negationem
862 2012 904 2072 tle
931 1947 1007 2074 Boo
1028 2001 1159 2093 aliquid
1264 2063 1270 2088 ἐ

73 2090 247 2185 praedicare
276 2091 468 2176 portamur.
496 2113 597 2179 quam
617 2113 679 2178 per
699 2089 961 2158 affirmationem.
1003 2089 1159 2155 Secunde
1252 2161 1255 2168 .
1290 2113 1293 2122 ¹

72 2193 103 2235 m
128 2193 196 2238 eam
223 2194 313 2261 quae
335 2189 464 2238 creatur
485 2190 519 2239 et
539 2189 647 2259 creet3
680 2174 830 2262 sequitur
849 2172 947 2238 tertia
965 2193 1051 2260 quac
1070 2191 1159 2236 crea·

73 2269 118 2318 tur
135 2271 167 2319 et
184 2279 256 2322 non
280 2272 391 2332 creat3
414 2257 537 2322 dehinc
557 2273 673 2344 quarta
693 2279 778 2345 quae
797 2278 862 2322 nec
881 2271 971 2321 creat
990 2276 1056 2322 nec
1069 2273 1159 2320 crea·

19 2405 20 2408 ,
73 2351 126 2403 tur.
167 2341 207 2404 D.
233 2344 286 2404 lta
306 2339 384 2403 iane
406 2338 550 2404 divisum
571 2339 623 2404 est.
665 2343 713 2406 Μ.
737 2341 852 2426 Quum
870 2337 975 2425 igitur
997 2340 1159 2433 deoppo·

71 2421 228 2490 [itionibus
250 2421 499 2520 praedictarum
513 2439 653 2487 naturae
665 2424 848 2492 formarum
861 2421 1007 2486 breviter
1017 2419 1055 2485 in
1066 2439 1158 2507 prro·

71 2503 95 2568 ri
112 2503 338 2595 disputatione
359 2509 427 2586 jam
449 2505 652 2582 dictumest,
675 2503 954 2572 consideravimus
971 2502 1064 2567 enim
1074 2521 1159 2588 quo·

71 2592 160 2657 modo
178 2589 320 2654 rciuitat
339 2589 456 2665 tertia,
486 2587 613 2686 primae
634 2593 749 2654 ambae
769 2588 930 2675 liquidem
949 2585 1057 2650 veluti
1078 2603 1158 2682 qua·

73 2673 135 2736 lam
162 2672 328 2749 diametro
355 2675 398 2736 ad
426 2673 459 2736 ic
486 2670 633 2736 rnvictm
661 2694 681 2736 e
710 2671 849 2758 regione
868 2669 1038 2756 oppositae
1057 2667 1159 2762 reipr·

72 2753 169 2833 ciunt3
199 2769 313 2822 creata
341 2754 432 2818 enim
462 2770 502 2818 ut
522 2752 667 2818 diximur
689 2769 722 2818 et
744 2775 814 2817 non
836 2773 951 2817 ercam
971 2761 1159 2838 opponrttrr

70 2840 182 2902 creanti
201 2855 238 2904 ct
259 2853 493 2912 non·creatae;
526 2835 675 2900 fimiliter
695 2837 839 2900 secunda
858 2835 966 2899 forma
987 2855 1006 2897 c
1027 2829 1157 2897 diverso
1184 2885 1188 2894 .

70 2921 189 3006 respicit
209 2935 380 3008 quartam
408 2918 595 3017 opponitur
616 2917 709 2982 enim
729 2933 838 2985 creata
857 2932 891 2980 et
912 2935 1026 2981 meane
1046 2931 1159 2998 neque
1232 2967 1236 2980 .

70 3020 184 3069 creatae
204 3024 321 3090 neque
343 3018 489 3069 creantrr
519 3000 741 3066 universalem
760 3007 841 3066 'vero
861 3013 1014 3063 naturam
1034 2997 1158 3061 formu

70 3087 191 3153 labere·
204 3108 270 3173 pro
297 3101 386 3150 terea
406 3084 568 3158 dicimur,
605 3083 765 3170 quoniam
786 3105 825 3147 ex
845 3103 884 3147 ea
904 3081 1012 3146 nostra
1031 3073 1156 3176 intelli·

70 3171 170 3255 gentia
191 3109 441 3256 quoiammodo
462 3167 681 3242 informatur,
701 3168 783 3231 dum
804 3167 845 3229 de
865 3162 936 3250 ipsa
956 3177 1157 3228 tractaretu-

70 3251 156 3329 titur;
176 3275 260 3318 nrm
281 3273 342 3339 per
360 3253 394 3316 ie
415 3250 518 3336 ipsam
540 3247 694 3314 universa
713 3264 833 3314 natura
851 3266 924 3312 non
944 3242 1072 3333 ubique
1090 3241 1158 3308 for·

69 3355 129 3430 prat
145 3335 383 3432 recipit,·epm
403 3334 563 3420 liquidem
583 3335 658 3398 Deo
678 3347 714 3430 ct
734 3334 892 3398 Creatura
902 3325 1070 3425 contineri
1083 3345 1157 3390 noo

69 3421 494 3585 llll‘lffltpl
512 3407 1157 3588 ll‘slll;‚‘¹l.lltl2¹lll²flt;i

69 3597 151 3650 turae
168 3583 477 3650 multiformitatem
496 3581 652 3668 praestate
674 3585 742 3662 jam
762 3599 857 3644 nunc
877 3579 920 3642 de
940 3573 1159 3640 fimilimdrne
1236 3593 1241 3600 ·
1268 3655 1272 3666 .

71 3687 171 3731 earum
199 3671 312 3754 deque
333 3663 520 3730 differentia
541 3663 816 3728 considerandum
835 3659 899 3727 elle
919 3656 1071 3724 arbitror.
1109 3653 1157 3720 D.

70 3749 137 3816 Mon
155 3749 254 3816 aliter
274 3750 358 3816 ordo
378 3769 489 3814 rerum
511 3746 626 3834 exigit.

119 3835 165 3898 M.
187 3833 345 3898 Secunda
363 3831 471 3897 forma
489 3829 617 3918 primae
636 3823 752 3894 itmilit
771 3824 809 3890 in
828 3843 869 3887 eo
886 3823 979 3922 quod
993 3833 1094 3896 creat,
1113 3815 1157 3885 ab

73 3931 104 3977 ta
128 3935 207 3982 vero
239 3915 335 3982 distat
359 3914 399 3978 in
435 3934 474 3981 eo
497 3915 590 3999 quoti
609 3925 758 3985 creatum
787 3927 867 3973 uam
886 3925 993 3992 prima
1013 3915 1104 3979 creat
1124 3914 1160 3967 ot

71 4015 300 4150 ΜῑῑΜ
322 3997 470 4146 “th
488 4011 529 4145 t
543 3985 1159 4146 carrttrtrttltrrrr

260 4103 352 4147 ema
418 4103 454 4146 '1
488 4100 506 4144 Θ
536 4138 538 4144 ,
574 4101 598 4144 il
802 4119 814 4154 ῃ

74 4181 108 4228 eo
126 4169 216 4253 quod
235 4165 287 4236 nil
308 4179 419 4245 crcat;
438 4183 519 4234 nam
539 4101 685 4236 litanda
704 4175 740 4232 et
758 4171 889 4232 meatur
910 4169 946 4224 ct
964 4167 1073 4232 creat.
1095 4166 1158 4218 tet·
1188 4187 1190 4193 ,
