2856 4978
477 145 772 318 limonarii&
933 229 1175 306 sm
1276 181 1282 204 i
1404 203 1409 224 ⁸

83 436 204 486 terrem
222 387 261 483 in
282 417 438 494 coeleste,
461 439 500 484 er
523 416 698 506 temporali
719 417 757 484 in
779 393 974 496 aeternum,
996 419 1172 482 exmurta·
1302 495 1304 503 Α

28 525 32 540 ’
82 503 105 567 li
122 501 157 567 in
173 501 376 578 immortale,
401 523 442 566 ex
461 501 581 568 misero
603 501 639 567 in
661 504 816 568 beatum:
844 501 901 566 sed
922 498 1042 588 potius¹
1058 497 1173 566 omnia

82 584 213 673 quaein
233 587 296 652 bac
316 585 385 650 vita
406 585 449 649 in‘
465 583 660 652 hominibus
681 582 803 650 sanctis
824 585 962 650 caeteris
977 581 1173 648 communia
1310 609 1312 614 ’

82 667 287 744 animalibus,
321 669 379 733 seu
393 668 599 765 intelligunt
618 668 677 732 sen
696 667 866 744 sentiunt,
897 665 1051 754 inillam
1071 667 1171 732 elsen-

81 749 154 816 tiam
179 752 351 816 coelestem
379 767 412 816 et
433 751 807 830 incommunicabilem,
841 750 1002 836 omnique
1023 749 1174 814 animali·

79 849 141 900 tate
151 851 316 900 carentem
328 834 492 900 ineffabili
507 839 650 922 quadam
669 833 859 900 mutatione
870 833 1058 908 transferri,
1081 835 1174 919 quod

80 916 367 984 etiam·bnmini·sr
389 941 461 984 non
482 935 637 1005 peccaret
656 919 810 986 futurum
827 917 920 988 erat?
944 919 1056 1003 Quare
1068 915 1173 1004 igitur

78 1004 171 1066 bomo
199 1001 235 1066 in
264 1023 388 1090 genere
416 1000 611 1068 animalium
636 1025 721 1090 quae
743 1005 785 1068 de
806 1017 893 1068 terra
912 1003 1076 1088 producta
1096 999 1185 1080 sunt,

78 1100 197 1148 meatus
217 1085 273 1160 lit,
294 1085 331 1149 in
353 1106 422 1170 quo
442 1087 570 1174 semper
591 1085 860 1157 nonmanebitl
900 1083 1074 1182 Siquidem
1095 1104 1173 1166 cum

77 1171 214 1242 mundus
235 1167 310 1244 itte,
334 1173 428 1248 cnjus
450 1191 526 1255 pars
547 1167 699 1236 animalis
720 1173 824 1234 bomo
847 1167 1079 1243 eslinterrerit,
1105 1186 1173 1232 om·
1289 1209 1291 1216 ,

77 1273 120 1315 ae
148 1254 238 1352 quod
263 1250 304 1316 in
335 1252 475 1316 homine
505 1252 648 1318 animale
681 1253 742 1334 ull,
774 1273 853 1318 cum
880 1250 954 1339 ipso
981 1267 1022 1315 et
1041 1249 1079 1314 in
1100 1248 1173 1335 ipso

78 1333 217 1424 peribat(
231 1336 311 1400 Non
334 1350 447 1400 autern
468 1335 546 1400 sitiit
565 1358 644 1402 vera
664 1335 752 1400 ratio
772 1351 883 1400 totum
903 1331 1172 1422 pauimentum,

100 1433 178 1498 prtes
198 1439 286 1484 vero
301 1417 394 1482 illius
417 1422 457 1482 ab
479 1418 620 1484 interitu
640 1418 768 1483 salvari.
799 1421 905 1484 Porro
927 1420 951 1482 fi
974 1433 1064 1484 totus
1077 1439 1174 1480 mun·

98 1503 134 1565 bs
153 1522 230 1566 cum
252 1501 410 1568 omnibus
431 1501 669 1588 suis-partibus
685 1502 885 1568 interiturus
898 1501 980 1579 erit,
1001 1503 1173 1588 quomodo

76 1585 169 1649 bomo
196 1585 236 1649 iu
265 1601 432 1672 quantum
450 1607 527 1671 pars
549 1586 672 1650 mundi
692 1586 753 1660 est,
783 1585 855 1671 poll
876 1588 1043 1650 mundum
1062 1605 1175 1659 mane·

74 1667 135 1742 bit,
164 1667 324 1744 rutubi,
355 1685 414 1734 aut
435 1672 606 1754 quomodo
627 1690 699 1734 non
721 1668 798 1734 satis
817 1666 936 1736 videos
969 1690 1088 1754 anper
1107 1669 1175 1732 boc
1215 1684 1218 1694 ·

76 1751 168 1829 bajus
177 1751 388 1900 quaestionis
408 1753 554 1818 nodulos
576 1754 701 1828 solvas,
735 1751 858 1816 obnixe
878 1751 1006 1840 flagito.
1049 1753 1098 1814 M.
1121 1751 1173 1814 tl-

75 1848 138 1897 tnn
154 1857 176 1898 v
209 1839 252 1900 de
272 1838 441 1900 humanae
463 1834 672 1900 conditionis
693 1835 861 1921 physicam
882 1834 1048 1900 theoriam
1066 1833 1183 1921 postu-J

75 1916 132 1992 las,
153 1934 375 2004 naturamque
397 1918 627 2004 disputatione
647 1917 783 2016 longius
803 1918 962 2006 progredi
982 1915 1175 2004 compellis:

75 2001 205 2066 etmihi
225 2000 393 2068 sufficeret
413 2000 636 2088 interroganti
659 2001 739 2076 tibi,
762 2023 864 2089 quare
883 2001 1052 2067 Dominus
1066 1999 1176 2066 homi·

74 2187 178 2312 ptncm
198 2168 311 2234 iacere
354 2168 525 2255 roposnit,
548 2169 695 2234 breviter
714 2169 934 2254 respondere,
956 2168 1035 2255 quia
1051 2167 1098 2231 ita
1115 2185 1174 2231 vo·
1215 2187 1218 2196 ·

75 2084 200 2149 nemin
222 2105 348 2172 genere
371 2085 569 2150 animalium
590 2085 770 2160 creaverit,
793 2109 894 2172 quem
915 2090 958 2155 ad
978 2085 1071 2150 suam
1091 2083 1176 2148 ima·
1311 2083 1314 2092 ⁴

109 2250 132 2314 ‘t
151 2273 227 2316 enm
251 2273 317 2318 con
343 2275 413 2327 ere,
436 2267 476 2316 ut
496 2255 666 2338 quoddam
691 2252 813 2316 animal
835 2255 929 2327 ellet,
953 2252 1079 2350 issfllw
1092 2249 1173 2318 ima:
1258 2279 1261 2287 ·
1355 2267 1358 2285 '

75 2332 178 2420 ginem
198 2337 294 2400 suam
314 2337 492 2423 expressam
512 2333 754 2402 manifestaret:
778 2357 838 2401 cur
859 2353 972 2402 autem
993 2351 1042 2400 1ta
1062 2332 1186 2417 voluit,

58 2417 217 2506 quisquis
238 2421 387 2506 quaerit,
409 2417 557 2488 Divinae
577 2419 763 2490 voluntatis
783 2420 898 2486 causat
918 2418 1068 2506 quaerit,
1113 2435 1174 2482 uas

76 2521 221 2586 quaerere
247 2502 349 2568 nimie
394 2501 656 2570 raelumtuusum
673 2503 725 2577 est,
749 2519 782 2566 at
807 2525 850 2568 ue
866 2504 1056 2592 superbum.
1090 2439 1176 2602 bais

77 2590 150 2649 enim
169 2591 341 2670 cognoscit
350 2525 484 2686 finften
505 2590 671 2654 Domini?
693 2589 760 2652 Sed
780 2527 805 2650 dl
823 2590 890 2651 hoc
911 2585 1047 2660 dixero,
1065 2584 1178 2670 ingra-

75 2681 123 2732 tus
148 2669 290 2747 fqrtaffis
302 2721 305 2734 .
317 2671 444 2746 silebas,
483 2688 517 2736 et
537 2693 600 2736 rma
622 2667 804 2735 aestimabis
824 2668 875 2734 nil
895 2671 938 2734 ad
957 2690 1082 2755 purum
1101 2689 1175 2754 per·

74 2749 233 2820 sectumve
258 2755 379 2818 ducere
400 2755 501 2841 polle.
528 2757 608 2820 Non
632 2752 741 2819 dicam
761 2753 868 2839 igitur
881 2774 942 2817 cur
958 2749 1082 2826 voluit,
1095 2750 1174 2835 quia

75 2853 201 2904 omnem
229 2837 443 2923 intellectum
473 2840 624 2925 superam
652 2839 711 2902 sed
734 2836 844 2902 dicam
863 2851 967 2922 prout
985 2834 1055 2921 ipse
1077 2835 1176 2898 dede·

73 2916 115 2980 rit
125 2921 213 3016 ¹quid
232 2922 344 2985 facere
363 2920 485 2986 voluit.
509 2971 513 2978 .
529 2923 673 2986 Omnem
696 2920 832 3019 quidem
856 2935 1043 2985 creaturam
1063 2914 1175 2992 vifibia

73 3000 133 3066 lem
152 3019 187 3069 et
204 3003 407 3069 invisibilem
427 3004 464 3068 in
487 3004 626 3070 bomine
648 3005 754 3078 secrt,
777 3003 938 3090 quoniam
959 3003 1020 3089 ipsi
1034 2997 1175 3101 nniver-
1220 3055 1234 3068 ,.
1290 3003 1292 3008 ’

7 3147 9 3152 ,
73 3083 141 3152 dtas
169 3085 328 3154 conditae
356 3103 497 3154 naturae
516 3087 619 3152 inesse
641 3085 854 3174 intelligitur.
898 3088 1061 3184 Quamvrs
1083 3084 1176 3152 enim
1225 3105 1228 3114 ’

74 3167 177 3235 adhuc
197 3175 302 3236 lateat
322 3189 447 3258 quanta
465 3172 505 3235 srt
525 3171 803 3259 primahominis
824 3169 978 3236 conditio
997 3168 1070 3255 poll
1082 3181 1176 3256 prae·
1196 3217 1200 3228 .

73 3252 310 3322 variationem
347 3254 482 3355 superni
510 3254 649 3320 luminis
680 3256 832 3330 defectu,
871 3252 960 3319 nibil
990 3268 1104 3319 tamen
1136 3251 1174 3316 in

7 3405 9 3422 ,
72 3337 261 3406 coelestibus
284 3339 429 3404 essentiis
450 3337 647 3406 naturaliter
667 3339 768 3414 inest,
792 3339 890 3426 'quod
911 3337 948 3401 in
968 3334 1109 3416 homine
1131 3335 1176 3398 es·
1257 3343 1288 3422 Ἰ

53 3417 249 3489 ,feudaliter
269 3443 346 3488 non
362 3422 516 3487 subsistat
557 3423 611 3486 Est
633 3423 725 3487 enim
744 3422 937 3486 intellectus
954 3436 989 3484 et
1006 3419 1106 3492 ratio,
1131 3417 1185 3504 ιβ,

71 3505 214 3572 coelestia
244 3507 457 3593 angelicique
488 3505 636 3592 corporis
667 3505 815 3571 habendi
850 3502 1048 3568 naturaliter
1078 3499 1176 3564 inlita

71 3587 171 3666 ratio,
208 3607 295 3688 qnae
323 3591 396 3679 poll
422 3585 699 3658 resurrectionem
709 3591 797 3653 'luce
819 3585 940 3651 clarius
964 3585 1054 3650 etin
1075 3583 1177 3648 bouis
1198 3595 1199 3600 ’

72 3676 241 3754 apparebat
270 3685 309 3738 et
335 3675 373 3739 in
394 3671 501 3736 malis.
544 3674 621 3735 Hoc
641 3672 732 3736 enim
755 3681 935 3736 commune
958 3667 1022 3732 erit
1041 3665 1179 3732 unirer·

72 3751 120 3816 lae
148 3759 316 3822 hnmanae
346 3772 485 3822 naturae
511 3754 556 3822 in·
572 3755 723 3842 aeternis*
737 3749 1118 3838 incorruptibilibusque
1136 3771 1178 3816 an
1196 3779 1198 3785 ·

72 3833 295 3944 spiritulibus
330 3841 528 4019 corporibus
562 3839 742 4020 resurgere:
801 3839 1013 3933 διιιιίιιιιιιινὀ
1050 3833 1175 3920 inquit,

71 3926 369 4098 litet-,tlte
390 3939 645 4096 ιζἰῗὶἕὲἓέἔὶἷ,
667 3921 984 4072 limittit&
1001 3917 1178 4089 ¹5:233&
1227 3963 1231 3966 ’

71 4091 258 4186 mysnitnr,
279 4092 347 4158 five
368 4115 409 4159 eo
453 4113 529 4158 orca
548 4091 617 4156 five
637 4091 851 4190 incorporea,
873 4106 1046 4173 quaenon
1064 4084 1101 4150 in
1116 4087 1190 4166 lto-p¹
1299 4088 1305 4100 '
1350 4085 1355 4096 '

72 4187 161 4240 mne
187 4190 298 4244 ereata
329 4177 388 4244 sub
460 4191 492 4251 t,
524 4173 641 4253 sentit,
672 4175 780 4248 vivrt’,
808 4169 1053 4258 incorporatur.
1096 4165 1176 4234 ttott
