2854 4978
466 281 579 358 ister
597 283 756 358 ferum,
828 359 837 390 x
1099 287 1172 358 261

69 471 155 538 culto
173 483 288 534 meatu
310 469 456 553 abyssum
477 469 667 558 superficiei
688 483 795 536 terrae
816 471 985 558 undique,
1008 487 1046 534 ut
1064 471 1170 549 aiunt,
1208 500 1211 513 ·
1313 493 1315 505 ι

69 553 264 642 superfusam
285 553 453 620 lustrando
473 573 553 654 pere
580 555 625 620 'tt
648 559 740 644 quod
764 569 874 620 autem
896 555 981 619 lucis
1004 559 1172 621 vocabulo

66 639 159 724 ignea
188 649 308 702 natura
339 641 449 704 adhuc
477 639 550 703 invi
563 639 672 719 abilis,
709 655 744 704 et
771 641 903 704 occulta
936 641 1171 726 appellatam,

65 723 144 786 nulli
176 724 301 786 mirum
324 725 424 788 debet
445 721 554 787 videri
575 723 798 812 cognoscenti
819 723 941 786 sacram
965 723 1172 808 scripturam,

68 807 233 870 causarum
256 806 397 872 nomine
415 805 573 882 effeetus,
593 824 646 873 *et
668 807 854 873 effectuum·
872 807 984 871 causas
1006 811 1173 893 appellare

66 891 180 954 solere:
216 891 355 956 effectus
385 907 495 956 autem
516 891 636 980 igneae
657 908 796 974 naturae
817 893 875 953 lux
897 891 957 963 est,
991 889 1090 992 ignea
1112 891 1174 978 igi·

66 989 115 1036 tur
144 990 265 1039 natura
294 975 330 1038 iii
360 974 547 1064 primordio
577 997 689 1040 reruni
715 974 874 1049 condita,
919 993 1060 1053 nomine
1086 975 1174 1054 lucis

64 1057 271 1154 postmodum
294 1062 334 1123 ab
357 1081 394 1123 ea
416 1061 639 1147 processurae,
666 1076 700 1124 et
722 1062 833 1124 adhuc
845 1057 881 1122 iri
892 1077 934 1121 ea
950 1058 1087 1123 latentis
1102 1069 1174 1128 nott

63 1162 158 1205 meon
202 1164 246 1205 ue
275 1145 440 1230 appellata
463 1143 527 1219 est,
560 1144 713 1230 quamiia
734 1143 872 1230 quidem
894 1140 1102 1228 primitivam
1124 1145 1175 1208 lu·

64 1245 130 1288 cem
168 1226 274 1291 ussisse
297 1227 462 1292 continuo
484 1226 705 1311 arbitrentur3
728 1243 846 1292 eontra
869 1247 972 1326 quos,
998 1227 1074 1293 satis
1098 1250 1117 1292 a
1140 1231 1173 1294 8.

64 1309 240 1401 Augustino
271 1326 382 1376 actum
415 1311 468 1376 est.
514 1313 617 1396 Quod
648 1329 761 1376 autem
794 1313 963 1398 sequitur,
995 1327 1054 1388 „et
1080 1312 1176 1378 videt

65 1395 151 1456 Deus
175 1396 290 1458 lucem
335 1399 404 1459 uod
428 1396 506 1460 esset
526 1399 635 1473 bona,
661 1413 696 1461 et
718 1395 831 1462 diuifit
850 1396 961 1460 lucem
983 1397 1175 1470 atenebiis,

65 1419 441 1620 appellavitqueiuccm
462 1477 563 1543 Diem
579 1487 621 1544 er
642 1483 796 1546 tenebras
819 1490 976 1552 noctem,
1011 1495 1045 1542 et
1066 1481 1175 1545 sa'c'tus

65 1581 80 1621 e
121 1583 282 1648 vespere,
303 1579 340 1627 et
355 1579 460 1627 'mane
482 1563 553 1629 dies
578 1563 746 1650 primus”,
772 1567 813 1628 de
830 1561 970 1660 simplici
986 1564 1087 1628 laude
1105 1583 1176 1629 cur·

64 1665 177 1728 poreae
200 1645 311 1723 lucis,
334 1649 443 1735 deque
465 1648 708 1736 temporalibus
730 1647 935 1720 intervallis,
969 1647 1093 1735 quibus
1115 1645 1176 1711 cir·

63 1747 96 1788 ca
123 1729 279 1793 tellurem
312 1731 389 1807 lux,
423 1746 458 1795 et
484 1735 604 1802 umbra
629 1729 874 1797 vicissitudines
902 1730 975 1794 suas
996 1745 1175 1818 peragunt,

66 1809 185 1876 dictum
210 1815 275 1876 effe
298 1813 502 1892 existimant,
526 1815 585 1902 qui
607 1829 761 1880 naturam
784 1815 870 1879 lucis
893 1820 1074 1900 corporeae
1097 1834 1177 1879 con·

2 1891 4 1908 '
64 1892 158 1962 ditam
184 1898 251 1960 esse
275 1899 497 1976 arbitrantur,
521 1903 657 1986 quando
669 1901 809 1964 uictum
826 1899 885 1977 est,
910 1911 944 1961 et
958 1899 1174 1978 dieit'Deus,

58 1975 121 2068 fiat
139 1979 217 2054 lux,
243 1995 277 2044 et
289 1976 397 2074 jacta
419 1983 468 2076 est
488 1985 557 2050 lux.
605 1985 690 2048 Nam
711 1983 794 2070 'quia
815 1982 852 2046 in
870 1981 1088 2068 aequinoctio
1102 2004 1176 2069 ver·

67 2062 127 2125 nali'
176 2066 263 2130 rima
286 2067 406 2132 mundi
429 2069 582 2133 conditio
606 2067 757 2134 creditur
775 2067 881 2144 fuisse,
906 2067 942 2130 iii
966 2090 1034 2154 quo
1058 2069 1103 2131 sol
1126 2088 1177 2130 ae·

65 2145 131 2230 quis
146 2089 263 2235 spatiis
283 2151 379 2238 supra
391 2154 543 2217 etsubtra
555 2169 675 2216 terram
686 2168 845 2227 moratur,
868 2171 904 2215 iu
915 2149 1175 2218 videlicethoris

67 2231 380 2316 aequinoctialibus,
412 2251 591 2324 propterea
611 2252 736 2323 putant
759 2235 887 2300 dictum
911 2237 974 2298 else
994 2232 1112 2326 diuisit
1132 2237 1177 2297 lu-

65 2333 123 2374 cem
142 2339 164 2378 a
184 2319 346 2394 tenebris,
378 2341 416 2384 ac
438 2321 461 2383 si
482 2321 806 2408 apertc'diceretur,
839 2334 949 2383 totum
970 2319 1074 2383 tinius
1096 2316 1176 2382 Diei

65 2393 197 2539 gpatium
258 2407 327 2468 uod
349 2415 390 2486 24
415 2404 508 2468 horis
528 2403 718 2492 peragitur,
755 2424 860 2490 aequa
881 2399 1065 2500 partitione
1088 2403 1176 2464 inter

86 2499 146 2546 tem
170 2425 303 2560 diviiit,
337 2505 371 2550 et
393 2503 556 2562 noctem;
590 2485 771 2574 quievero
795 2485 1028 2550 conditionem
1052 2483 1176 2570 angeli·

67 2581 117 2625 cae
135 2581 278 2631 naturae
301 2571 471 2635 creatione
489 2571 575 2634 lucis
598 2571 816 2657 significatam
840 2567 965 2633 rectius
985 2581 1174 2642 autumant,

68 2649 97 2742 3:
118 2651 297 2737 Augustini
328 2653 525 2718 divisionem
547 2655 725 2741 sequentes
749 2650 851 2716 Lucis
875 2671 892 2714 a
915 2651 1083 2723 tenebris,
1118 2667 1177 2713 aut

68 2730 300 2798 discretionem
323 2736 479 2801 informis
503 2737 679 2811 materiae,
706 2753 741 2799 et
760 2737 923 2799 sonnatae
942 2749 1112 2799 creaturae
1124 2733 1176 2798 iri-

68 2815 238 2902 telligunt,
262 2836 301 2881 ut
322 2822 463 2884 nomine
486 2818 572 2884 lucis
595 2820 762 2907 perfectio
785 2819 930 2892 formae,
962 2820 1176 2882 tenebrarum

67 2917 139 2962 vero
160 2900 381 2968 informitatis
404 2903 557 2969 confusio
579 2903 781 2992 accipiatur,
806 2917 864 2966 aut
886 2901 1057 2990 duplicem
1072 2902 1177 2965 caele·

68 2977 170 3056 stium,
185 2985 398 3050 essentiarum
429 2986 631 3063 Theoriam;
665 2988 761 3052 aliter
781 3007 929 3074 namque
950 2985 1178 3050 consideratur

68 3081 207 3131 creatura
240 3068 276 3131 in
307 3069 496 3135 rationibus
525 3071 592 3136 suis
615 3069 776 3150 aeternis,
814 3069 851 3133 in
875 3073 959 3143 deo,
990 3069 1177 3133 secundum

67 3167 140 3230 quas
162 3151 301 3216 condita
324 3151 383 3228 est,
409 3171 442 3216 et
464 3154 561 3218 aliter
582 3154 618 3218 iii
642 3156 674 3218 se
696 3153 766 3241 ipsa
789 3153 848 3216 sub
870 3157 944 3216 Deo
959 3151 994 3215 iii
1011 3166 1176 3236 quantum

69 3249 208 3298 creatura
233 3235 296 3318 οὓς
318 3253 350 3300 et
371 3235 479 3321 prima
501 3237 639 3323 quidem
659 3236 880 3302 consideratio
897 3235 982 3299 lucis
997 3236 1175 3310 vocabulo,

67 3311 203 3383 secunda
225 3339 306 3381 vero
331 3322 554 3384 tenebrarum,
565 3323 803 3385 consideratur.
838 3321 883 3383 Ut
907 3319 997 3384 enim
1014 3321 1070 3382 lux
1084 3339 1177 3406 prae·

69 3401 151 3462 cedit
173 3400 321 3465 tenebris
347 3401 531 3490 dignitate,
554 3404 601 3467 ita
624 3403 755 3470 claritas
770 3418 981 3468 aeternarum
991 3402 1175 3475 rationum,

68 3479 246 3549 secundum
273 3507 354 3572 quas
377 3485 486 3551 omnis
503 3503 660 3552 creatura
682 3489 769 3552 facta
784 3487 845 3560 esl,
867 3485 1090 3583 praeponitur
1103 3488 1176 3549 obs·

69 3565 196 3633 curitati
220 3584 391 3633 creaturae
411 3591 472 3656 per
494 3569 526 3631 se
548 3569 653 3656 ipsam
676 3573 921 3646 consideratam
952 3571 1099 3668 ideoque
1123 3587 1177 3658 ap·

68 3649 200 3729 pellavit
221 3657 314 3717 Deus
335 3656 456 3718 Lucem
471 3653 594 3730 Diem,
617 3654 828 3740 splendorem
841 3653 969 3718 scilicet
984 3651 1177 3716 divinarum

67 3733 252 3813 rationum,
275 3737 427 3802 tenebras
445 3757 525 3802 vero
546 3751 690 3812 noctem,
714 3741 782 3803 hoc
804 3737 866 3813 est,
890 3733 1119 3802 obscuriorem
1138 3732 1175 3796 in

69 3811 97 3874 le
126 3815 194 3904 ipsa
224 3836 354 3886 creatae
383 3836 525 3886 naturae
553 3821 717 3910 speciem:
756 3823 849 3909 quod
882 3835 995 3884 autem
1027 3815 1177 3904 sequitur

62 3888 251 3990 saeuamque
272 3903 338 3996 esi,
358 3901 496 3999 uespere
517 3919 551 3970 et
571 3929 666 3970 mane
685 3908 776 3971 Dies
796 3927 877 3970 unus
897 3903 1001 3970 finem
1023 3912 1177 3986 peractae

71 3999 89 4040 o
113 3987 291 4066 erationis,
314 4003 349 4054 et
368 3987 623 4055 inchoationem
644 3988 816 4078 sequentis
837 3986 1022 4076 significare
1041 3981 1175 4046 volunt.

107 4085 167 4129 ane
190 4067 300 4147 euim,
323 4070 347 4138 i.
371 4095 400 4138 e.
423 4071 599 4138 inchoatio
624 4072 793 4160 sequentis
815 4065 1022 4157 operationis
1040 4065 1118 4129 finis
1133 4063 1177 4130 eit

72 4153 313 4240 praecedentis,
336 4167 371 4218 et
391 4155 623 4244 praecedentis
642 4155 806 4222 terminus
823 4151 961 4219 initium
978 4150 1022 4216 ett
1038 4149 1176 4236 sequeri-

72 4241 128 4305 tii,
147 4231 294 4326 ideoque
314 4237 396 4304 Dies
417 4260 529 4317 unus,
549 4242 604 4306 vel
625 4239 755 4328 primus
767 4235 1054 4327 finiturvespere,
1078 4237 1175 4316 cujus
