2930 4982
135 131 140 144 ’
257 183 431 306 roo3
621 181 1073 309 remmom.

291 367 375 440 tiam
404 367 565 458 prostrat.
602 341 679 458 ”tego
712 385 825 439 autem
851 363 1091 438 incunctanter
1118 365 1246 456 refigit
1272 387 1369 436 eorum
1416 393 1417 470 l

292 454 429 539 sequor,
473 451 511 518 ui
533 473 605 520 non
625 469 753 520 temere
772 454 969 542 praedicant
989 452 1229 522 humanitatem
1250 451 1389 523 Domini.

291 535 395 602 uollri
422 475 498 600 leiu
528 535 649 604 Gbrisli
679 539 757 604 suae
778 536 950 604 divinittti
970 537 1123 613 unitam,
1153 536 1200 602 ita
1218 549 1255 602 ut
1269 557 1369 612 unum,
1415 508 1418 599 i

291 619 380 684 salva
402 611 598 686 natuiarum
618 619 769 697 ratione,
791 621 828 686 in
849 620 919 708 ipsa
938 637 973 686 et
992 643 1070 688 eum
1085 620 1154 708 ipsa
1165 619 1373 706 sitaquonitm
1418 624 1419 694 l

218 781 220 788 Ι
291 723 362 768 uua
388 702 567 768 substantia
595 701 656 782 est,
685 719 720 770 et
739 719 788 769 ιιι
815 703 966 770 usitatim
1000 704 1127 778 dicam,
1160 723 1225 768 uua
1255 703 1372 790 persora
1419 738 1420 770 ι

292 784 484 850 humaniter
513 785 634 854 christi
655 803 691 852 et
711 786 891 862 divinitat,
923 802 957 854 et
976 789 1255 875 quemadmodum
1275 783 1374 850 divini·
1420 852 1421 870 ,

192 887 202 896 ·
291 883 343 933 tat
377 872 449 948 ejus
478 889 613 936 omnem
641 870 775 968 superat
807 871 1041 947 intellectum
1074 871 1123 936 ita
1144 886 1179 935 et
1196 867 1373 944 humaniter,

293 971 380 1040 quae
393 952 499 1098 ssuper
517 953 811 1100 unirerslalrtatemt
822 953 960 1019 visibilia
984 970 1019 1102 qt
1037 951 1257 1040 intelligibilia
1269 965 1374 1049 ereatu-
1421 975 1422 988 ¹

312 1055 371 1107 ae,
408 1057 430 1098 u
1289 1053 1377 1097 reum·

292 1051 984 1208 persptiopqpnoqqnqqfiqqpioqmemppppgr
1004 1055 1378 1201 {ffli'ssffif'fm
1422 1082 1423 1138 i

292 1217 412 1266 omnes
433 1200 575 1266 virtuter
597 1217 632 1267 et
652 1204 850 1289 potestator,
876 1204 974 1290 super
995 1224 1096 1268 omne
1118 1205 1211 1289 quod
1230 1199 1379 1266 dicituret
1423 1196 1424 1244 l

179 1353 182 1362 ,
259 1281 514 1370 intelligitur,
538 1285 636 1372 super
657 1307 760 1350 omne
781 1289 872 1373 quod
893 1287 964 1373 poll
986 1285 1173 1352 Dominum
1195 1282 1256 1359 ett,
1277 1283 1379 1347 exalta·
1424 1308 1425 1340 ι

292 1381 328 1438 ta
350 1365 449 1430 estet
471 1367 747 1454 superessentialia
769 1369 859 1434 facta
880 1370 945 1446 est,
969 1368 1063 1434 omni
1085 1385 1254 1436 creaturae
1273 1363 1382 1429 iucom-

293 1449 525 1534 prebensrbilit
558 1466 594 1518 et
625 1449 922 1539 ininvestigabilia,
960 1468 994 1517 et
1015 1456 1082 1518 buc
1103 1451 1141 1518 in
1163 1445 1317 1538 superiori
1334 1449 1384 1510 bu·

179 1539 187 1550 '
290 1535 345 1613 J'ut
367 1531 478 1618 operia
500 1547 594 1599 textu
617 1535 806 1601 docuimus.

55 1634 57 1644 ·
174 1663 184 1680 ,
294 1689 297 1697 Δ
343 1619 408 1692 a7.
430 1619 475 1680 D.
498 1620 551 1682 De
573 1619 776 1688 exaltatione
798 1615 963 1702 ineantati
980 1617 1079 1695 ,verbi
1100 1639 1179 1683 oum
1193 1631 1384 1700 carnequaur

294 1699 339 1764 de
368 1697 422 1762 vir
447 1699 502 1764 'ne
535 1699 666 1786 aceepit
688 1717 829 1789 totoque
849 1701 988 1767 homine
1010 1721 1050 1766 co
1075 1703 1169 1765 ulato
1191 1698 1250 1764 fibi
1272 1696 1307 1762 iu
1325 1692 1386 1760 uui·

295 1796 399 1848 tatem
442 1782 629 1850 ubstantiae
657 1787 757 1872 super
777 1785 893 1852 omnia
912 1784 948 1848 su
975 1725 1247 1857 melitintialiter,
1279 1795 1311 1844 et
1326 1801 1343 1842 a
1360 1793 1387 1842 te

293 1863 431 1951 copiose
459 1866 589 1932 suasum
620 1883 655 1932 et
676 1889 695 1932 a
715 1867 837 1934 sanctia
858 1809 1015 1954 Patriiuo
1036 1866 1081 1932 est
1102 1869 1312 1932 roboratumt
1341 1861 1387 1925 sid

292 1962 409 2012 utrum
440 1963 511 2014 tota
539 1965 659 2016 natura
680 1953 845 2026 humana,
876 1973 976 2038 quam
997 1952 1099 2016 solam
1120 1946 1300 2048 partimin
1322 1945 1389 2008 elte-

292 2030 337 2096 tia
358 2031 565 2096 liberandam
586 2047 804 2118 putaveram,
827 2035 956 2122 semper
976 2033 1099 2120 partim
1122 2055 1160 2097 ιιι
1182 2027 1333 2125 reprobiq
1348 2045 1388 2124 qe

224 2121 232 2142 ¹
294 2127 393 2177 terno
434 2113 445 2176 i
471 2136 514 2178 ne
551 2119 773 2201 torquendam
805 2116 951 2183 detineri
981 2115 1097 2182 solutio
1123 2115 1228 2202 ipsr'ua
1257 2113 1391 2179 'malinae

294 2137 490 2260 retinacuiia
537 2197 716 2284 enituaque
739 2197 918 2287 dirruptis,
955 2215 994 2264 ut
1015 2199 1167 2286 superior
1189 2203 1289 2264 dotet
1308 2191 1389 2289 ratio,

293 2277 465 2375 ascensura
493 2220 554 2357 οἱ,
588 2301 656 2367 quo
690 2282 860 2368 primitiae
887 2283 987 2370 ipstua
1015 2282 1265 2348 humanitatem
1287 2273 1390 2343 Cbnstt
1433 2343 1434 2348 γ

293 2363 391 2435 dteo,
414 2361 581 2439 ascendut
602 2367 669 2444 jam
691 2366 814 2432 dubiua
836 2365 1003 2441 delibero,
1036 2388 1113 2431 eum
1136 2366 1229 2430 inter
1250 2365 1283 2428 se
1302 2359 1391 2426 multa

246 2487 250 2494 ·
291 2443 331 2509 in
353 2447 418 2510 bau
436 2445 627 2532 quaestione
649 2451 907 2514 colluctantur..
929 2450 964 2518 si
986 2448 1078 2516 enim
1100 2463 1172 2514 tota
1193 2449 1278 2512 illuc
1299 2445 1391 2509 ascen·

292 2528 367 2592 sura
396 2529 461 2605 eil,
495 2545 530 2594 et
557 2545 597 2593 ut
625 2531 773 2616 apertius
804 2533 931 2610 dicam,
968 2531 1117 2598 reditura
1147 2531 1287 2596 in'eum
1309 2545 1393 2613 quem

267 2615 467 2694 ,peccando
505 2611 676 2700 deseruit3
715 2616 740 2680 st
776 2637 847 2680 eam
879 2630 982 2679 totam
1011 2616 1214 2682 redimendo
1243 2607 1393 2694 suscepit3

294 2693 379 2780 quid
406 2695 531 2760 dicturi
551 2697 686 2773 sumua,
723 2717 840 2764 nonne
862 2698 1070 2785 consequent
1091 2697 1175 2772 erit,
1209 2697 1335 2762 nullam
1355 2709 1395 2754 ae·

292 2793 423 2843 ternam
450 2794 594 2844 mortem
624 2777 793 2856 miseriae,
828 2782 959 2846 nullam
987 2777 1171 2879 impiorum
1221 2799 1337 2844 uenam
1355 2793 1395 2836 re·

187 2879 189 2891 ¹
290 2861 506 2926 mansuram?
562 2861 736 2960 uiderim
757 2862 795 2927 in
817 2863 865 2928 eia
889 2868 1119 2950 torquebitur,
1143 2803 1318 3010 poflquam
1336 2871 1395 2922 tota

291 2959 412 3010 natura
434 2949 530 3026 cujus
575 2966 634 3010 our
656 2960 692 3008 et
711 2946 790 3010 mali
812 2945 992 3034 participet
1014 2949 1106 3023 sunt,
1129 2967 1203 3012 non
1239 2947 1397 3010 olumom·

292 3026 331 3091 ni
351 3041 460 3092 morte
481 3042 581 3113 atque
602 3027 730 3098 malitia
750 3029 965 3102 liberabitur,
988 3048 1106 3095 verum
1128 3027 1233 3094 etiam
1254 3028 1289 3092 iu
1302 3025 1396 3124 ipsum

292 3113 404 3174 Deum
424 3109 599 3175 revertet?
622 3109 688 3175 Ubi
710 3133 790 3177 vero
812 3113 916 3178 aellua
937 3113 995 3177 ille
1015 3115 1227 3178 flammarum
1250 3111 1339 3198 ignor
1357 3127 1398 3168 ae·

292 3191 401 3266 terni,
434 3191 471 3256 in
499 3214 601 3279 quem
628 3193 785 3260 severitas
820 3193 980 3277 justiffimi
1000 3196 1124 3277 judicia
1147 3198 1258 3261 maluo
1279 3191 1397 3258 milium

168 3335 171 3350 ,
267 3309 270 3318 ,
294 3275 357 3352 eil„
380 3273 516 3340 dicenar
536 3281 592 3340 1r0
613 3277 784 3344 maledicti
804 3280 965 3362 inignem
985 3293 1174 3354 aeternum,
1196 3283 1259 3364 qui
1269 3295 1398 3376 praepa·

291 3371 386 3422 ratus
409 3357 457 3448 est
476 3360 612 3425 diabolo
633 3373 667 3426 et
687 3362 814 3444 megesis
834 3365 933 3452 ejttr?
954 3363 1019 3426 Ubi
1044 3362 1107 3426 erit
1128 3362 1335 3447 supplicium
1358 3377 1400 3420 aa·

241 3477 245 3484 ·
292 3457 428 3508 ternum
455 3441 492 3506 iu
514 3447 607 3529 quod
629 3443 711 3509 ituri
734 3446 812 3510 sunt
832 3444 948 3532 impii,
981 3445 1005 3508 st
1028 3447 1121 3510 nulla
1141 3467 1221 3530 para
1244 3447 1400 3508 humanae

291 3542 432 3591 naturae
463 3525 676 3604 remanserit,
713 3549 798 3614 quae
820 3543 956 3594 aeterno
977 3528 1014 3592 su
1040 3527 1322 3616 plieioobnoxia
1341 3519 1399 3588 titl

290 3609 404 3673 Finita
424 3630 571 3698 namque
592 3610 686 3676 omni
708 3611 854 3682 malitia,
878 3611 953 3699 quia
968 3552 1075 3675 maiae
1089 3607 1310 3675 remanebit?
1333 3609 1399 3672 Om-

290 3691 345 3756 nis
376 3693 467 3758 enim
496 3697 602 3760 malua
634 3694 761 3762 malitia
784 3697 890 3760 malua
912 3695 977 3768 eil,
1013 3691 1051 3760 a‘o
1071 3715 1132 3780 per
1152 3697 1223 3760 boc
1246 3705 1401 3779 pereunte

290 3774 437 3851 malitia,
459 3775 585 3862 peribit
606 3777 708 3841 etiam
730 3793 765 3840 et
787 3779 905 3842 maluo.
947 3777 1139 3844 Deficiente
1160 3775 1295 3924 quflippe
1316 3771 1402 3840 eausa

289 3858 511 3924 necessarium
530 3861 574 3924 est
595 3859 824 3924 effectumsui
850 3859 1004 3926 deficere.
1047 3862 1175 3926 Eadem
1269 3857 1355 3924 ratio
1369 3855 1403 3918 tlt

288 3955 399 4004 morte
420 3956 455 4006 et
476 3943 553 4010 vita.
599 3943 634 4006 si
658 3943 749 4008 enim
769 3937 994 4041 absorbebitur
1013 3965 1100 4009 mors
1118 3945 1255 4016 auita,
1300 3959 1402 4088 quem·

289 4025 472 4102 admodtuu
505 4047 524 4088 a
551 4023 704 4092 bonitate
731 4025 860 4092 malitia
891 4041 925 4089 et
956 4047 975 4090 a
1005 4025 1221 4092 beatitudine
1256 4023 1402 4100 mione,

289 4105 366 4193 quia
388 4129 406 4173 a
427 4123 536 4173 morte
557 4125 593 4174 et
613 4107 746 4176 miseria
766 4107 1002 4197 torquebitur,
1024 4112 1161 4198 quando
1182 4105 1400 4176 extrarium
