2922 4978
399 290 405 304 .
465 201 578 286 ¹[Alter
600 205 761 289 Qubbe
1080 196 1189 277 Μ’

125 409 175 456 ιο.
198 386 322 476 booipe
343 385 437 454 eliud
457 391 648 478 exemplum
670 392 714 455 de
734 375 1191 466 adunatione'naturerum,·

61 475 130 542 stne
152 472 366 548 confutans,
390 473 445 538 vel
466 471 628 548 mixture,
649 475 704 538 vel
728 473 982 560 compofitione.
1023 475 1115 538 Num
1134 471 1173 538 in

59 581 129 622 una
159 555 270 644 specie
296 556 397 621 multi
426 556 561 624 numeri
589 556 815 622 substantiales
846 557 942 632 lunt,
981 571 1015 644 et
1038 556 1075 621 in
1100 577 1172 622 uno

60 661 185 728 genere
209 641 337 706 multae
358 640 509 727 species,
543 656 578 706 et
597 639 633 706 in
655 663 726 706 una
748 637 884 706 edentia
905 641 1010 710 multa
1033 661 1174 727 generas
1227 713 1234 720 ⁸

60 725 164 790 etita
187 725 265 788 lunt
286 729 340 804 (nt
359 745 438 790 vera
458 728 579 794 edocet
595 725 700 802 ratio)
722 741 762 788 ut
781 725 817 788 in
841 746 909 788 una
933 716 1032 813 οὐσίᾳ
1053 747 1176 798 unum·
1215 747 1224 762 ·

59 811 221 906 quodque
249 829 355 894 genus
387 808 460 872 suas
481 807 633 895 proprius
654 807 803 873 rationes
824 807 1002 894 pollideat,
1037 807 1175 872 alterius

60 913 195 979 genens
214 888 404 956 rationibus
427 891 608 964 discretas,
632 909 747 978 neque,
766 887 940 967 eonsules,
964 911 1075 978 neque
1095 891 1178 956 mix·

59 994 130 1051 tat,
151 993 265 1061 neque
286 975 506 1060 compotitas,
530 978 692 1040 adunatas
715 991 844 1048 senten,
864 977 971 1060 ‘atque
991 979 1041 1052 (ut
1061 972 1177 1038 itadi·

59 1064 149 1137 esm)
170 1080 280 1124 unum
301 1061 471 1144 quoddam
493 1058 674 1146 multiplex
695 1073 730 1123 et
750 1057 913 1144 simplex?
950 1054 1112 1122 Similiter
1135 1059 1177 1122 de

59 1141 239 1240 speciebus
260 1142 298 1205 in
320 1163 461 1228 genere,
498 1158 533 1206 et
555 1143 597 1206 de
617 1143 766 1208 numeris
791 1140 1028 1243 lpecialiffimii
1047 1139 1085 1206 in
1109 1141 1179 1227 ipe,

61 1247 116 1292 cre
143 1223 404 1312 intelligendum
435 1224 488 1288 eli.
531 1227 663 1290 Horum
690 1245 837 1311 namque
857 1226 904 1290 fin
954 1227 986 1290 la
1006 1243 1179 1312 quaequae

61 1325 98 1374 et
126 1308 368 1454 proprietatem
400 1309 491 1372 suam
522 1325 564 1406 et·
585 1310 827 1375 adunationem
860 1247 1046 1396 poilident,
1081 1305 1178 1388 omni

62 1411 190 1478 coprpo
215 1391 310 1456 tione
329 1407 469 1456 remota.
512 1395 613 1458 llrud
636 1395 826 1480 exemplum
849 1392 982 1457 intuere
1003 1415 1043 1458 ex
1060 1411 1178 1456 nume·

59 1476 109 1540 ris
136 1475 277 1540 materia
309 1475 477 1540 absolutis,
528 1476 654 1541 Nonne
685 1497 803 1542 omues
832 1475 967 1540 numeri
999 1478 1064 1541 live
1088 1469 1179 1540 liniti

60 1561 130 1624 live
164 1558 311 1633 infiniti,
341 1562 409 1624 hoe
429 1558 493 1634 etl,
525 1559 755 1625 [iterationis
777 1559 1123 1648 contemplationibus
1145 1571 1180 1622 et

60 1637 356 1708 nominationibus
376 1643 710 1728 comprehensibiles,
734 1637 799 1708 five
822 1647 989 1708 humanae
1008 1647 1120 1710 adbuc
1141 1641 1179 1704 in

62 1729 130 1791 bae
161 1725 232 1790 vita
261 1727 560 1811 contemplationis
593 1743 627 1790 et
657 1726 928 1792 ratiocinationis
944 1727 1109 1810 'virtutem
1131 1726 1182 1788 lu·

61 1825 239 1897 perantes,
263 1807 301 1873 in
322 1813 469 1874 monade
491 1832 597 1874 snum
621 1810 821 1877 lubfilluntl
844 1814 888 1874 Et
904 1810 1040 1898 quidem
1055 1810 1092 1874 in
1108 1808 1179 1894 ipsa

60 1894 161 1976 nulla
188 1891 409 1958 nurneiorurn
430 1893 647 1992 compofitio,
676 1897 733 1957 vel
755 1893 926 1968 confusio,
958 1897 1011 1958 vel
1032 1893 1181 1960 mixtura
1260 1887 1265 1898 ⁸
1303 1881 1307 1890 ’
1410 1885 1414 1892 ’

61 1997 284 2041 numerorum
307 1973 374 2040 eila
396 1977 519 2064 lingula
540 1993 653 2041 autem
675 1978 748 2042 suas
771 1979 951 2078 fingulares
972 1978 1121 2044 rationes
1143 1974 1181 2040 in

62 2083 102 2126 ea
122 2058 159 2123 vi
183 2074 218 2124 et
237 2060 400 2146 potestate
422 2060 624 2124 custodiunt.
670 2061 756 2148 Quis
779 2083 871 2126 enim
893 2078 984 2126 recte
1007 2061 1181 2148 disputan·

63 2145 155 2208 tium
177 2146 301 2206 diruit
322 2147 491 2208 binarium
513 2165 694 2208 numerum
721 2147 776 2210 vel
799 2143 985 2210 ternarium
1005 2146 1042 2210 in
1066 2149 1182 2209 mona·

64 2231 111 2292 de
131 2227 333 2312 compositos
356 2227 435 2300 elie,
463 2226 513 2290 ita
535 2245 574 2290 ut
597 2227 747 2292 binarius
770 2227 807 2292 in
831 2251 869 2292 ea
891 2227 945 2293 bis
964 2229 1123 2316 singulis,
1147 2241 1182 2292 et

63 2309 234 2374 tenuius
264 2325 316 2374 ter
344 2309 484 2395 fleg-olis
512 2311 683 2374 subtratt
717 2310 855 2376 sienim
877 2314 944 2376 boo
965 2314 1079 2386 fieret,
1109 2328 1181 2376 non

64 2393 147 2458 ellet
168 2411 304 2470 monas,
328 2393 385 2458 led
406 2393 588 2458 multarum
611 2393 839 2460 dlrorlitatunr
862 2411 896 2458 et
916 2397 1064 2481 partium
1087 2414 1183 2480 exag-

65 2474 213 2564 geratio,
237 2491 283 2564 xet
309 2465 576 2562 diserepantiuns
601 2495 821 2546 numerorum
843 2482 1009 2544 cumulus.
1050 2479 1105 2542 Est
1128 2493 1185 2540 an·

64 2579 137 2626 tem
155 2579 277 2634 monae
300 2560 342 2624 in
360 2581 428 2646 que
448 2561 602 2625 omnium
622 2579 840 2626 numerorum
863 2562 1010 2627 mirabili
1038 2561 1182 2649 quadem

63 2643 277 2711 adunatione
304 2645 383 2708 lons
411 2663 499 2710 unns
530 2638 655 2708 manat:
699 2647 738 2708 ln
762 2643 840 2742 ‘ipsa
862 2644 1183 2710 enim-binariuset

64 2727 235 2793 ternarius
250 2730 358 2792 unuin
379 2729 474 2804 lunt,
497 2727 696 2816 etproprias
707 2744 856 2794 renones
870 2728 1073 2803 custodiunt,
1096 2747 1182 2814 quse
1273 2754 1276 2760 ·
1351 2819 1354 2827 Ι

62 2811 128 2878 fibi
149 2810 298 2876 invicem
320 2811 535 2876 conveniunt
557 2815 683 2898 absque
702 2813 770 2875 ulla
793 2813 883 2878 mole
905 2833 1087 2898 corporea,
1112 2813 1184 2875 aba·

64 2917 135 2985 que
164 2897 232 2960 ulla
262 2897 486 2959 humenarum
520 2895 768 2997 cogitationum
798 2897 967 3001 pnbantalie
999 2897 1056 2994 [eu
1077 2898 1185 2981 pban-
1223 2959 1228 2964 .

63 2978 307 3146 {illidii
326 2979 1185 3146 ttttzltttttltlttlt‘tbtttlt?ltili
1216 3120 1219 3126 ,

6 3145 7 3160 ³
65 3169 122 3213 res
155 3163 331 3231 corporeae
358 3146 432 3210 five·
445 3144 666 3232 incorporeos
705 3149 892 3222 recedunt,
926 3165 1003 3212 artu
1026 3163 1060 3212 et
1083 3165 1185 3232 opere

67 3234 130 3296 seu
152 3243 291 3302 natura,
313 3231 380 3294 boc
400 3229 464 3304 est,
487 3229 544 3292 seu
558 3171 706 3294 naturaii
720 3232 778 3293 led
794 3231 961 3295 artificiali
976 3232 1184 3319 operatione,

67 3317 131 3379 seu
153 3311 385 3377 arithmetice:
416 3311 623 3387 non'aliter,
647 3314 703 3378 led
725 3317 840 3394 eadem
862 3313 993 3381 ratione
1017 3319 1059 3380 de
1080 3312 1189 3380 omni·
1286 3351 1320 3398 ·.

66 3403 137 3464 bus
157 3394 307 3460 numeris
330 3417 348 3458 a
369 3397 516 3459 monade
528 3397 850 3562 progredientibus,
873 3389 907 3460 rit
927 3397 964 3462 in
981 3401 1122 3463 eandem
1136 3417 1186 3458 re·

64 3479 188 3548 solutis
209 3479 483 3567 intelligendum.
561 3479 621 3544 uid
643 3483 837 3578 depuncto
862 3481 1061 3553 dicendum,
1084 3497 1185 3576 aquo

65 3585 189 3632 omnes
213 3563 334 3627 'lineae
357 3562 596 3650 egrediuntur,
629 3579 663 3626 et
684 3585 723 3627 ιιι
743 3567 836 3650 quod
856 3565 1070 3628 resolvuntur
1092 3579 1126 3626 et
1148 3579 1186 3624 ιιι
1303 3613 1306 3629 .

67 3669 113 3715 eo
142 3665 251 3712 unum
280 3647 375 3722 lunt,
404 3665 516 3731 neque
547 3644 634 3710 illud
663 3667 771 3711 unum
794 3649 1032 3735 compositum,
1066 3647 1124 3712 led
1148 3663 1190 3714 ex

63 3730 261 3800 rationibus
284 3729 426 3795 diverfis·
439 3729 659 3794 adunetumi
680 3733 752 3796 Nee
772 3729 890 3795 talium
913 3733 1063 3818 exemplo
1085 3728 1189 3794 etiem

66 3817 109 3883 in
138 3817 240 3880 rebus
268 3813 476 3879 lenbbilibus
501 3814 631 3878 desunt.
673 3809 753 3879 lion
774 3813 933 3902 negebis,
965 3829 1005 3880 ut
1026 3813 1187 3886 exillimo,

66 3903 250 3968 oculorum
270 3896 400 3974 radios,
425 3896 685 3996 coelestiumque
706 3917 886 3984 corporum
906 3899 1075 3988 fulgores,
1098 3912 1190 3964 eete-

69 4003 257 4071 eorumque
276 3981 497 4048 luminarium
518 3982 686 4047 lenfibrles
710 3996 811 4070 atque
832 3994 1011 4070 corporeos
1027 3983 1100 4048 effe.
1143 3983 1186 4042 D.
1216 4022 1220 4029 -

71 4067 163 4155 Quis
189 4066 348 4154 negarit?
379 4063 416 4130 si
450 4063 543 4131 enim
572 4063 792 4132 luminarium
820 4067 977 4154 splendor
1004 4069 1187 4154 corporeos

67 4153 135 4232 eil,
158 4171 220 4220 cor
240 4167 312 4220 nee
332 4148 435 4217 etism
458 4149 663 4219 oculorum?
683 4151 771 4218 Nem
786 4147 929 4218 tomus
945 4153 1021 4218 loct
1035 4171 1107 4218 oon
1124 4146 1186 4212 im·
