2930 4982
458 233 598 328 non
616 258 780 352 omum
1018 187 1026 213 Ν
1103 223 1184 329 cic

72 438 151 503 Deo
169 428 289 528 sacti,
309 436 384 531 first
404 441 515 507 maii?
542 446 668 507 Bomrm
690 443 773 507 enim
793 443 878 509 bonu
897 444 1035 506 adducit
1057 457 1091 508 et
1102 439 1182 536 sub-

62 521 195 614 stituit.
240 525 365 588 Vtrum
384 525 477 591 diest
497 526 633 612 aliquis,
656 528 810 589 dicuntur
829 525 918 590 mali.
962 529 1029 593 8ed
1047 551 1111 614 non
1124 521 1180 622 se·

71 605 211 670 cundum
237 607 326 690 quod
335 603 438 699 sunt,
474 612 535 684 (ex
556 612 639 674 bono
662 613 747 674 enim
757 605 858 704 sunt,
880 625 914 674 et
933 611 1049 676 bonam
1060 605 1183 702 sortiti
1292 655 1305 678 .

60 684 146 779 sunt
175 684 358 782 effmtiam)
375 687 445 782 sed
461 690 642 781 secundnm
662 695 751 777 quod
771 717 835 759 non
846 689 948 790 sunt,
985 695 1109 784 insirmi
1129 701 1181 776 (ut

66 774 212 858 Eloquia
242 779 351 858 aiunt)
374 770 515 864 servare
535 771 635 865 suum
663 781 872 860 principium.
913 783 956 842 In
987 801 1049 862 quo
1083 787 1178 856 enim,

69 858 125 918 dic
153 859 249 934 milti,
279 860 457 923 &emanas
489 865 614 950 uitiari,
630 863 787 935 dicimus,
805 859 842 951 β
863 867 982 930 nemin
1004 857 1182 954 ceffatiorce

68 939 203 1004 habunt
231 955 271 1004 et
295 948 500 1024 operationis
527 968 612 1027 quoe
630 939 805 1092 uqqsantur
824 950 914 1013 circa
933 949 1051 1010 diuino
1069 946 1182 1011 bona?

66 1025 238 1108 Alioquin,
249 1022 286 1116 β
306 1043 426 1092 natura
448 1029 527 1091 mali
533 1026 636 1132 sunt,
683 1053 834 1093 aemones
848 1075 856 1103 ‚
867 1026 1005 1124 semper
1013 1024 1099 1120 sunt
1114 1053 1180 1094 ma-

67 1109 114 1174 lit
144 1110 239 1192 acme·
267 1113 387 1176 maium
417 1111 570 1202 irfiabrie
599 1111 657 1200 ιβ.
709 1117 748 1179 Si
775 1118 888 1197 itaque
904 1111 1039 1206 semper
1067 1117 1181 1178 ecdem

68 1191 163 1256 mode
180 1185 225 1281 sc
257 1193 395 1274 itabens,
427 1219 490 1260 reon
506 1190 592 1299 snut
619 1197 716 1262 maii:
760 1220 869 1280 emper
896 1202 979 1261 enim
999 1199 1086 1284 idem
1107 1195 1181 1291 effe,

67 1277 144 1340 boni
171 1282 345 1356 proprium
375 1276 433 1369 ιβ.
477 1283 514 1346 Sc
541 1303 621 1346 vera
640 1305 703 1346 non
742 1304 850 1364 emper·
872 1284 973 1356 maiis
1004 1303 1105 1364 neque
1124 1306 1181 1346 na·

67 1371 144 1422 tura
159 1356 358 1448 matiscon,
373 1365 442 1456 sed
455 1367 680 1447 'angelicorum
699 1367 852 1432 bonorum
875 1366 1072 1448 indigentia.
1116 1366 1182 1432 Sed
1254 1425 1256 1441 ,

68 1463 135 1506 non
155 1445 284 1509 omnino
305 1459 459 1530 expertes
470 1447 556 1539 ssent
576 1449 670 1524 boni,
683 1443 866 1544 seecundum
884 1453 973 1532 quod
987 1444 1126 1537 essunt,
1147 1464 1183 1513 ct

69 1528 205 1598 escunt,
226 1541 262 1590 ct
282 1531 493 1616 intelligunt,
518 1545 554 1595 et
572 1537 701 1598 omnino
721 1533 769 1622 ιβ
789 1535 922 1613 qnidam
945 1536 979 1598 iu
1000 1536 1067 1598 iliis
1082 1557 1182 1618 appe·

66 1613 150 1673 titus
164 1624 303 1684 quietus:
324 1619 405 1681 mali
426 1629 536 1679 autem
558 1613 622 1708 effe
642 1619 811 1687 dicuntur.
833 1641 871 1681 eo
893 1620 981 1704 quod
1002 1621 1036 1680 in
1046 1635 1182 1682 natura·
1244 1649 1255 1662 -

65 1695 94 1756 li
119 1698 312 1774 operatione
338 1697 419 1789 sunt
437 1700 569 1792 infirmi.
612 1702 828 1784 Deprecatio
849 1705 954 1784 igitur
977 1701 1025 1790 cst
1046 1707 1094 1766 eis
1115 1725 1180 1764 ma·

65 1779 149 1851 lum,
180 1790 216 1840 ct
243 1801 348 1844 rerum
377 1786 444 1848 iliis
475 1787 734 1850 convenientium
764 1779 907 1873 desertio
920 1781 1180 1877 frustratioque,

67 1875 169 1946 atquc
189 1858 399 1954 imperfectio
421 1881 454 1931 et
476 1871 690 1950 impotentia;
713 1863 965 1958 facultatisque
986 1873 1088 1934 ineis
1107 1891 1182 1951 per·

56 1938 245 2034 sectionem
264 1945 488 2052 conservantis
509 1951 707 2044 infirmitas,
738 1969 772 2016 et
793 1953 944 2038 abactio,
968 1967 1002 2017 et
1023 1951 1177 2040 dilapsto.
1274 2029 1279 2039 q

68 2032 159 2131 Quid
177 2051 257 2095 vcro
277 2034 372 2096 aliud
391 2039 425 2099 in
446 2036 658 2100 daemonibus
678 2038 825 2100 malum?
845 2039 1181 2111 Furorirratioualis,

64 2116 332 2191 concupiscentia
352 2120 500 2190 demens,
521 2123 719 2202 imaginatio
738 2143 909 2203 praeceps.
943 2121 1009 2186 Sed
1023 2125 1105 2184 haee
1120 2119 1182 2212 etse

65 2201 102 2260 in
122 2199 333 2264 daemonibus
348 2195 446 2292 ssent,
469 2226 533 2267 non
552 2208 701 2278 omnino,
724 2227 826 2288 neque
848 2205 1058 2276 inomnibus,
1079 2227 1182 2288 neque

64 2285 150 2344 hacc
170 2303 232 2360 per
269 2307 286 2344 c
306 2287 403 2348 mala.
445 2289 579 2351 Etenim
601 2290 636 2349 in
655 2289 734 2352 aliis
754 2288 949 2352 animalibus
969 2311 1032 2352 non
1048 2291 1182 2352 habitin

62 2369 195 2440 horum,
208 2285 277 2460 fid
295 2372 446 2448 privatio
468 2369 516 2460 est
539 2382 573 2433 ct
594 2374 763 2451 corruptio
782 2372 972 2436 animalium
994 2385 1028 2434 et
1043 2375 1182 2447 malum3

63 2451 201 2514 habitus
219 2472 298 2514 vero
319 2455 474 2516 animalis
495 2467 647 2518 nanuum
668 2477 753 2537 quae
774 2454 897 2542 isthaec
916 2455 1035 2527 habet,
1057 2451 1183 2545 servat

64 2545 102 2596 et
125 2530 307 2681 cossitnit.
349 2540 429 2601 Non
450 2539 563 2623 itaque
584 2537 701 2600 malum
724 2536 772 2630 cst
793 2538 985 2602 daemonica
1003 2561 1094 2619 gens,
1115 2553 1183 2624 qn'a

52 2611 162 2711 sacrm
188 2639 240 2680 um
268 2630 421 2683 naturam
450 2619 516 2710 esi,
538 2615 607 2715 sed
634 2641 701 2704 qna
729 2643 793 2686 non
823 2619 883 2708 cst.
931 2625 1049 2704 Neque
1075 2635 1183 2687 totum

63 2703 183 2766 omrem
203 2703 271 2766 illis
290 2703 434 2774 aarum..
449 2719 611 2768 mutatum
633 2703 698 2792 est,
715 2701 784 2798 sed
805 2701 869 2794 ipfl
889 2725 911 2765 a
933 2716 1005 2769 toto
1026 2705 1109 2770 bono
1122 2707 1181 2768 da-

62 2799 103 2850 to
132 2787 339 2850 exciderunt.
394 2793 514 2872 Neque
541 2790 683 2852 dicimus
713 2787 881 2870 angelicas
899 2788 1095 2853 donationes
1116 2791 1184 2853 iliis

63 2871 185 2945 datas,
207 2892 346 2953 unquam
366 2886 515 2938 mutatas
526 2866 658 3048 suj‘ffe:
667 2866 736 2970 sed
743 2885 791 2974 ⁸et
805 2874 928 2954 integri
934 2868 1039 2962 sunt,
1062 2886 1096 2935 et
1108 2873 1182 2954 pla-

583 2981 596 3021 ι

63 2976 108 3016 nc
137 2948 322 3048 conspicui,
351 2959 503 3042 quamuis
531 2979 567 3040 cp
623 2977 687 3021 non
713 2957 848 3030 vedent,
877 2957 955 3018 dum
973 2948 1183 3046 facultatem

64 3037 226 3101 claudunt
247 3059 313 3121 qua
332 3035 501 3128 bonasua
520 3037 654 3136 poffnnt
675 3041 806 3104 intueri.
851 3043 972 3123 Itaque
986 3040 1076 3125 quod
1085 3037 1182 3134 sunt,

63 3135 102 3185 et
124 3139 167 3185 ex
186 3123 268 3188 bono
278 3114 380 3212 fient,
410 3138 445 3187 et
466 3125 544 3190 boni
555 3171 564 3198 ,
592 3137 627 3188 ct
645 3123 760 3188 bonum
779 3121 986 3208 pulcrumque
1005 3137 1181 3206 appetunt,

62 3205 146 3270 dum
178 3201 260 3298 effe,
291 3209 477 3286 attrivere,
515 3222 551 3272 et
571 3207 754 3289 intelligere
774 3203 953 3296 existentia
973 3205 1185 3296 defiderantc

63 3303 102 3356 et
123 3293 332 3370 priuatione,
355 3303 390 3353 et
400 3287 513 3380 suga,
545 3305 579 3355 et
597 3289 807 3382 prolapfione
826 3291 979 3356 bononem
1000 3297 1048 3356 eis
1067 3315 1183 3357 conue-

61 3373 227 3436 nientium
248 3374 406 3436 dicuntur
427 3377 523 3450 mali,
535 3371 681 3466 suntque
702 3376 791 3447 mali,
803 3367 993 3462 secundum¹
1006 3379 1095 3461 quod
1115 3397 1184 3440 non

49 3453 162 3551 sunt,
197 3472 231 3520 et
250 3477 315 3519 non
336 3457 510 3546 cussentis
529 3462 659 3543 cupidi,
688 3461 806 3522 matum
827 3472 1003 3541 appetunt.
1045 3463 1184 3526 Intuere

63 3558 222 3604 tenorem
251 3541 454 3616 verborum,
484 3556 518 3606 et
548 3559 695 3630 quantae
722 3541 916 3606 subtilitatis
937 3541 1025 3604 sunt.
1066 3540 1183 3605 Primo

62 3623 206 3712 quidem
237 3623 471 3689 universaliter
502 3623 718 3724 breviterque
738 3647 813 3691 com
840 3627 1029 3688 schendens
1051 3627 1185 3688 daemo-

60 3729 128 3772 nes
159 3722 280 3777 natura
313 3709 419 3773 malos
443 3729 516 3773 non
554 3711 616 3773 effe
639 3647 866 3801 d1cendosid
887 3729 989 3791 neque
1010 3709 1186 3771 daemones

59 3804 189 3856 natura
217 3791 313 3868 mali,
348 3793 515 3857 sationem
542 3793 733 3873 subjunxit,
765 3795 883 3857 etenim
920 3805 1073 3854 enatura
1093 3791 1184 3866 mali,

60 3897 171 3962 neque
201 3897 243 3940 ex
270 3875 372 3954 bono,
407 3880 482 3940 Deo
502 3874 679 3954 videlicet,
715 3873 781 3964 qui·
795 3876 883 3940 solus
905 3895 923 3938 a
945 3874 1051 3960 seipso
1072 3876 1185 3940 bonus

62 3959 134 4035 cst,
168 3961 277 4024 creati
292 3953 400 4052 sunt:
429 3980 531 4025 omne
559 3960 685 4054 quippe
714 3963 808 4047 quod
829 3962 869 4022 ab
893 3979 933 4022 eo
958 3975 1106 4022 creatum
1128 3957 1183 4035 est,

59 4045 199 4112 bonum
223 4042 283 4126 cst3
304 4062 378 4112 non
400 4043 493 4114 enim
516 4065 556 4110 cx
579 4047 670 4111 bono
690 4045 816 4108 malum
837 4039 911 4108 fieri
926 4043 1049 4128 potest,
1072 4063 1185 4131 neque

59 4125 104 4191 in
139 4125 353 4196 existentium
382 4146 585 4202 naturarum·
611 4147 754 4194 numero
785 4139 1042 4215 computantur,
1085 4148 1186 4211 neque

63 4233 113 4275 ex
134 4209 231 4277 bonis
250 4209 395 4329 cqsmerfi
414 4225 552 4288 namra,
586 4215 656 4280 hoc
675 4211 720 4276 est
739 4231 853 4300 neque
873 4233 913 4278 ex
932 4210 1034 4280 bonit
1056 4207 1185 4297 angelis

277 4336 282 4346 '
700 4333 742 4398 32
764 4327 782 4366 *
