2856 4978
384 177 389 184 ¹
475 165 584 240 teter
603 165 769 261 ouon.
880 170 882 177 '
1044 245 1059 280 x
1100 167 1171 242 arr

15 327 17 358 ’
76 355 265 440 eadamque.
291 347 454 420 mirabilia
477 374 517 418 ac
535 353 676 440 pulchra
695 339 996 430 innumerabilium
1015 351 1169 422 colorum

73 435 204 502 varietas
231 433 455 522 conspicitur,
483 434 521 501 in
552 458 621 502 una
650 439 834 524 eademque
862 439 1014 516 ejuodem
1033 429 1205 524 penulae*5

73 519 287 608 portiuncula.
310 520 374 582 ,Et
402 519 539 606 quidem
571 535 690 584 natura
719 519 791 608 ipsa
809 521 922 584 rerum
944 521 986 586 ad
1006 522 1168 586 huncat·

74 603 165 674 trahit
189 601 412 666 intellectum.
433 619 435 624 ·
454 607 558 668 Terra
589 625 735 691 namque
755 603 813 668 ista
834 602 992 669 lenlibilie
1015 619 1050 668 et
1070 625 1166 691 aqua,

72 705 201 773 corpora
222 686 403 770 compotita
425 687 503 751 lunt
524 709 574 752 ex·
587 685 805 775 qualitatibus
827 701 971 772 quatuor
987 688 1168 753 elemento·

71 791 156 848 namt
187 784 221 833 et
247 768 336 834 nihil
366 772 408 834 de
437 771 470 835 le
502 771 668 870 gignunt,
698 771 792 834 nulla
816 791 859 834 ue
880 785 1020 836 naturae
1040 769 1167 868 species
1276 796 1280 801 ·

71 876 106 916 ex
132 852 173 916 iio
202 851 296 916 nauci
327 851 473 920 videtur.
516 859 573 919 Vre
602 871 715 919 autem
745 791 912 922 teriinum
942 874 1028 940 quae
1057 852 1171 918 meio

15 1001 18 1020 ,
69 937 156 1012 sunt,
179 951 340 1022 operante
362 936 419 1002 illa
440 937 510 1002 vita
531 961 615 1026 quae
636 937 801 1002 nutritiva
819 937 959 1013 dicitur,
982 937 1181 1018 secundum,

68 1021 151 1106 leget,
177 1036 211 1084 et
234 1018 381 1085 ratiouet
404 1021 532 1098 inlitus,
567 1035 732 1109 quantum
752 1019 830 1086 finit
851 1019 967 1085 divina
986 1018 1168 1106 providen-

68 1102 127 1178 tia,
148 1100 184 1166 in
205 1102 381 1186 diversati
403 1104 490 1170 eciee
505 1107 694 1179 herbarum,
714 1105 940 1178 surculorum,
957 1101 1167 1178 animalium,

67 1209 121 1272 per
147 1203 270 1272 genera
297 1201 333 1250 et
362 1128 548 1262 liirmauex
568 1189 703 1257 secretis
723 1204 894 1253 creaturae
915 1185 1040 1252 finibue
1061 1192 1169 1251 e'rum·
1227 1187 1236 1204 ⁸

67 1267 129 1368 pit:
151 1291 189 1334 ac
207 1291 269 1355 per
289 1273 356 1336 hoc
376 1276 469 1337 unde
491 1289 577 1336 terra
599 1288 633 1336 et
655 1294 672 1336 a
697 1293 740 1335 ua
761 1271 900 1336 vilibilie
929 1285 964 1333 et
984 1267 1167 1334 tractabilia
1215 1321 1222 1340 ,

68 1375 100 1416 ru
129 1351 200 1416 suae
221 1355 390 1432 naturales
412 1356 539 1442 ipeciet
561 1370 595 1420 et
616 1294 792 1442 quaiitatee
814 1370 849 1420 et
868 1353 1074 1440 quantitates
1092 1372 1170 1439 pro·

68 1435 194 1519 cellere,
226 1435 309 1502 inde
331 1438 446 1504 omnia
489 1461 552 1503 uae
574 1461 614 1503 ex
636 1437 684 1502 eit
706 1437 799 1504 nauci
819 1436 998 1513 videntur,
1033 1456 1169 1523 genera·

68 1517 161 1583 tionia
180 1518 259 1584 iuae
283 1520 449 1612 originem
463 1463 612 1588 ittmunt.
641 1522 695 1586 Est
707 1521 799 1588 enim
814 1519 1057 1608 generalissima
1069 1539 1169 1607 quae·

69 1603 189 1666 damet
211 1605 402 1672 communie
428 1605 582 1672 omnium
604 1622 724 1670 natura
745 1608 786 1669 ab
810 1626 881 1669 uno
902 1604 1057 1689 omnium
1077 1601 1170 1690 priu-

69 1683 150 1771 cipio
171 1703 301 1764 creatu,
336 1711 376 1754 ex
398 1711 485 1776 qua,
503 1689 610 1754 veluti
633 1688 828 1777 ampliffimo
850 1689 964 1764 fonte,
984 1709 1046 1774 per
1066 1705 1169 1773 porot

60 1770 209 1834 ¹occultos
232 1772 424 1857 corporales
447 1790 638 1850 creaturae,
669 1771 778 1838 veluti
799 1766 1061 1864 quidam'riruli
1082 1766 1168 1834 deri·

68 1867 204 1934 vantur,
217 1869 253 1918 et
273 1855 311 1918 in
333 1854 477 1922 diversae
499 1857 622 1922 formae
644 1857 690 1921 lin
754 1878 847 1920 arum
868 1877 980 1920 rerum
1002 1866 1168 1918 eructant.

67 1934 228 2001 Praedicta
264 1938 429 2024 fiquidem
447 1939 499 2006 vio
519 1963 581 2028 per
602 1938 730 2006 divera
751 1937 876 2005 lentina
900 1960 939 2002 ex
962 1935 1091 2002 arcanis
1110 1956 1169 2000 na·

69 2033 151 2082 turae
178 2022 404 2105 provenient,
443 2023 659 2111 primumque
684 2023 722 2088 in
753 2022 830 2109 ipsra
853 2021 1037 2087 seminibus
1057 2019 1168 2084 erum·

88 2123 162 2177 ent,
187 2105 313 2169 deinde
336 2104 471 2171 diversio
491 2107 694 2177 humoribus¹
714 2105 860 2172 admixta
870 2153 890 2182 ,.
902 2105 939 2169 in
960 2105 1088 2192 species
1105 2103 1170 2168 stu·¹

67 2123 150 2280 iulet
172 2187 340 2254 sensibiles
363 2190 492 2255 ebullit
522 2197 563 2256 D.
576 2187 670 2256 'Rata
687 2195 772 2255 haec
784 2189 923 2278 verique
935 2188 1063 2264 fimilia,
1085 2189 1169 2274 phy·

68 2269 279 2359 hologiaeque
308 2269 594 2359 speculationibus
626 2273 849 2340 conveniunt.
893 2274 1066 2356 Quoniam
1086 2292 1167 2338 vero

68 2353 176 2432 homo,
205 2355 266 2442 qui
295 2353 333 2419 in
364 2357 454 2426 [enta
476 2357 531 2422 die
552 2358 710 2430 conditus
733 2358 793 2433 est,
815 2355 853 2420 in
876 2378 1019 2422 numero
1040 2353 1167 2420 anima·

67 2433 139 2502 lium
158 2438 392 2516 constituitur,
415 2461 501 2526 quae
519 2442 578 2508 sub
594 2463 665 2508 nno
681 2445 804 2528 g'enere
820 2440 1166 2527 comprehenduntur,
1243 2439 1246 2450 '

67 2538 139 2583 nutu
160 2520 197 2586 iu
218 2526 288 2588 hoo
307 2540 488 2611 praecepto
511 2524 648 2601 divino,
668 2546 742 2672 lguo
763 2525 900 2604 jubetur
921 2539 1007 2587 terra
1024 2525 1169 2586 animum

66 2605 166 2698 vivam
184 2607 382 2686 producere,
404 2606 647 2707 intelligendus
695 2625 708 2671 t
729 2615 879 2682 necne,
896 2606 1004 2670 -veliru
1027 2619 1092 2668 ate
1111 2627 1168 2670 au·

67 2686 139 2751 due.
180 2691 227 2753 M.
255 2693 354 2754 Hanc
376 2690 628 2778 inquifitronem
649 2713 721 2756 non
743 2707 811 2754 tam
835 2689 934 2754 facile
956 2687 1166 2764 absolverim,

17 2793 22 2800 ·
66 2767 87 2830 fi
104 2769 309 2844 solummodo
333 2772 450 2839 diviua
471 2775 643 2861 Scriptura
655 2772 903 2861 pronuntiaret,
924 2774 1089 2856 producat
1102 2783 1167 2836 ter·

66 2873 99 2930 ra
119 2860 257 2921 animam
278 2860 457 2924 viventem.
500 2862 622 2922 Verum
644 2853 724 2945 quia
745 2855 877 2922 addidit
901 2860 936 2920 in
955 2877 1073 2940 genere
1084 2850 1170 2949 suot

22 2983 25 2990 .
67 2936 239 3020 planiffime
270 2943 452 3026 patefecit,
494 2941 608 3006 omnia
640 2939 798 3005 animalia
826 2937 863 3002 in
892 2944 959 3006 hoo
986 2961 1086 3027 praec
1131 2956 1167 3006 to

68 3022 233 3089 contineri.
254 3027 379 3089 ‘Nulla
411 3024 502 3090 enim
532 3024 657 3112 species
689 3024 750 3100 est,
780 3045 867 3109 quae
896 3023 934 3088 in
962 3045 1085 3111 genere
1145 3044 1166 3089 o

68 3105 200 3173 omnino·
226 3129 301 3172 non
333 3110 527 3174 collocatur.
571 3111 636 3185 Sed
667 3107 745 3195 quia
779 3109 863 3172 haec
883 3107 992 3172 formu
1012 3105 1166 3172 animalia

67 3190 198 3270 quaein
222 3190 364 3256 homine
387 3192 565 3260 constituta
587 3193 646 3268 est,
670 3207 878 3272 caeterorum
901 3190 1097 3256 animalium
1107 3205 1167 3255 'na-

66 3282 183 3350 turam,
218 3295 306 3362 quae
338 3275 397 3341 iub
421 3279 539 3343 eodem
562 3294 684 3362 genere
707 3275 798 3348 lunt,
836 3273 1003 3362 dignitate
1024 3274 1167 3341 rationit

67 3367 97 3415 ot
117 3353 362 3449 intelligentiae
391 3359 547 3445 superate
571 3359 714 3446 provide
739 3359 939 3445 prophetica
961 3360 1192 3446 contempla-y

66 3435 110 3501 tio
134 3462 205 3505 eam
238 3441 378 3508 caeteris
401 3442 602 3510 animalibus
625 3447 806 3529 abjungere
827 3442 956 3510 voluit:
988 3457 1029 3506 ot
1049 3439 1166 3508 condi·

65 3519 183 3588 tionem
197 3524 325 3614 ipsrue,
351 3532 445 3608 juxta
465 3526 542 3590 luae
564 3541 705 3606 naturae
726 3525 978 3598 excellentiam,
1005 3523 1108 3588 latius
1132 3537 1168 3588 et

66 3605 241 3691 copiofiue,
266 3608 302 3673 in
323 3609 393 3675 fine
415 3607 568 3675 omnium
591 3607 677 3694 quae
698 3630 716 3671 a
739 3611 813 3672 Deo
834 3607 923 3674 facta
940 3608 1034 3681 lunt,
1056 3627 1168 3671 narta-
1193 3663 1199 3679 χ
1269 3648 1271 3658 ι

64 3704 118 3753 ret.
158 3691 295 3778 Species
324 3693 430 3781 igitur
458 3691 611 3758 animalis
640 3689 784 3756 maxima
813 3706 846 3754 et
865 3687 1092 3777 pretiostllirna
1113 3687 1165 3755 bio

65 3767 97 3834 in
117 3777 272 3862 operibus
290 3777 400 3862 sextae
422 3778 438 3841 s
461 3775 660 3841 oculationia
683 3788 983 3840 commemoratum
1016 3773 1165 3862 primum
1250 3791 1253 3798 ‘
1361 3819 1371 3846 .

67 3854 191 3938 quidem
221 3860 257 3926 in
281 3881 403 3947 genere
425 3801 501 3936 lito,
534 3861 626 3946 quod
648 3848 691 3942 cll
712 3856 853 3932 animal,
882 3857 1018 3921 videtur
1039 3880 1058 3922 a
1079 3873 1166 3922 terra

64 3943 216 4033 produci:
252 3944 375 4009 deinde
402 3942 613 4030 paulopost,
647 3957 855 4006 caeterorum
877 3939 1073 4008 animalium
1093 3943 1166 4006 bre·

66 4021 182 4090 uffima
202 4027 365 4096 divisione
386 4029 484 4104 iacta,
509 4023 663 4092 conditio
686 4029 757 4104 ejus
780 4027 823 4089 ad
837 4025 903 4095 ima
922 4023 1021 4090 .'nem
1035 4041 1069 4090 et
1080 4021 1166 4090 fimi·
1273 4065 1275 4070 -

68 4100 237 4176 titudinem
257 4108 580 4178 Dei‘iutroducitur.
611 4112 655 4174 D.
678 4109 752 4172 Una
773 4105 879 4196 igitur
914 4129 1006 4176 orma
1028 4123 1062 4174 et
1075 4108 1165 4173 inter
1195 4127 1201 4140 ·
1263 4121 1270 4134 ⁸

963 4335 966 4342 ⁴
993 4322 1012 4360 Ᾰ
