2856 4978
179 327 186 342 ,
243 243 330 320 308
582 244 638 315 lla
656 245 837 316 lliatat'oae
857 241 1030 316 Naturae.
1101 329 1106 336 Ι

247 450 303 499 tua
331 429 406 509 isle,
440 427 592 518 quamvia
620 411 756 528 longini
778 429 986 516 apropofita
1007 427 1162 493 videatur
1184 423 1357 506 receffisse,

245 512 340 581 utilia
363 531 475 580 tamen
498 514 542 578 eli
562 514 757 578 volentibus
779 514 911 578 Sacram
926 511 1131 610 scripturam
1145 511 1358 602 intelligeret

245 599 344 664 suasit
372 597 464 662 enim
485 612 520 661 et
540 596 709 662 Deitatem
730 595 829 662 Verbi
849 595 1081 684 impaffibrlem
1102 596 1183 673 elle,
1223 611 1259 661 et
1278 597 1359 662 suae

245 680 450 748 humanitati
487 701 561 747 com
588 681 705 746 alsamt
744 678 906 767 approbat
934 678 1036 746 etiam
1065 681 1159 766 quod
1184 679 1359 746 Domiuua

148 824 151 832 ,
246 764 333 831 dixit
360 763 397 828 in
426 705 625 852 Evangelio.
678 767 824 848 Spiritus
853 765 985 851 quidam
1008 776 1158 846 promtus
1177 762 1244 855 est.
1277 787 1357 830 coro

243 869 324 914 vero
345 847 652 937 infimauitidem,
674 853 774 913 Pater
794 851 829 912 in
848 871 962 913 manus
982 859 1060 912 tuor
1079 847 1357 949 commendojpi-

106 989 109 1002 r
195 915 198 938 ¹
244 936 345 996 ritum
365 955 485 1009 meum
516 953 589 998 non
613 933 654 996 de
675 932 741 997 alio
763 930 882 1019 spiritu
903 931 1051 1007 dictum,
1082 931 1140 996 sed
1162 934 1206 997 de
1225 931 1359 1019 Spiritu

244 1017 380 1082 Sancto.
422 1015 489 1080 Sed
511 1018 554 1080 ad
574 1016 780 1102 propofitum
800 1015 909 1082 redire
931 1029 1076 1101 oportet.

303 1109 336 1181 4.
357 1101 527 1165 Producat
546 1112 637 1163 terta
656 1104 799 1163 animam
819 1103 1006 1166 viventem:
1036 1100 1103 1163 hoc
1125 1095 1169 1160 est
1188 1095 1359 1183 producat

244 1198 332 1248 terra
356 1181 479 1248 animal
501 1181 633 1248 viverra.
676 1183 761 1248 Vide
781 1183 1060 1270 quampulchre,
1091 1183 1184 1261 juxta
1204 1180 1358 1278 praedic·

244 1277 318 1332 tum
339 1281 497 1353 tropum,
521 1280 556 1330 et
576 1280 687 1332 totum
709 1288 728 1332 a
748 1283 861 1354 parte,
884 1281 995 1332 totum
1018 1263 1145 1329 scilicet
1166 1264 1291 1328 ammal
1315 1285 1358 1329 ex

147 1383 149 1391 >
243 1348 383 1416 meliore
411 1353 482 1429 eiua
508 1348 709 1427 medietate,
743 1372 829 1436 quae
856 1350 900 1415 est
932 1346 1064 1422 anima,
1091 1347 1116 1411 st
1163 1345 1266 1411 ilicet.
1310 1351 1359 1414 Et

245 1431 324 1520 quia
344 1431 458 1498 minor
477 1433 640 1500 medietaa
663 1433 768 1499 totiua
792 1431 971 1508 animalias
991 1451 1078 1518 quae
1162 1450 1305 1516 corpur,
1335 1453 1357 1496 a

242 1530 330 1581 terra
349 1515 508 1581 sumitur:
530 1520 650 1583 eodem
672 1533 770 1604 tropo
792 1533 902 1598 totum
923 1513 1066 1591 animal,
1088 1515 1155 1578 hoc
1175 1513 1357 1614 adcorpua

243 1613 279 1664 et
307 1599 439 1676 anima,
472 1615 597 1666 eterra
617 1601 762 1690 produci
782 1604 935 1682 jubetur:
973 1601 1055 1664 dum
1076 1595 1188 1662 anima
1210 1617 1357 1664 ommno

143 1679 147 1690 ¹
242 1683 329 1746 lerra
361 1705 432 1747 non
454 1683 511 1759 fit,
547 1685 631 1748 licut
650 1707 763 1772 neque
784 1705 904 1770 corpur
926 1681 1054 1746 animat
1088 1679 1250 1780 quoniam
1270 1701 1357 1747 vero

165 1787 171 1818 ι
241 1763 313 1851 ipsa
343 1765 478 1866 corpori
508 1769 664 1832 adhaeret
690 1768 727 1832 in
758 1767 891 1836 unitate
918 1763 1152 1838 animalitatta,
1184 1763 1279 1828 simul
1310 1767 1356 1832 de

227 1859 327 1912 *terra
348 1849 422 1912 fieta
442 1849 611 1936 Scriptura
634 1852 778 1916 testatur.
807 1853 874 1916 Sed
895 1848 992 1936 [iquia
1015 1846 1114 1912 altiua
1131 1848 1357 1913 hunclocum

242 1931 439 2017 quaesterit,
460 1934 567 2018 potest
588 1933 653 1999 alio
674 1937 777 2000 modo
798 1933 907 2010 intelli
933 1954 996 1996 ere.
1041 1933 1166 1994 Terrae
1186 1930 1354 2015 siquidem

121 2038 126 2048 ¹
240 2017 427 2090 vocabulo,
449 2015 554 2080 totiua
576 2033 715 2082 naturae
736 1955 973 2088 substantiaiia.
1003 2011 1186 2078 visibilium
1209 2029 1244 2078 et
1264 2013 1356 2078 invi·

242 2095 386 2164 fibilium
419 2098 707 2166 incommutabilia
741 2101 890 2166 soliditas
925 2095 1217 2170 soletinfinuari:
1260 2101 1356 2183 quod

242 2179 345 2245 ctiam
373 2180 491 2247 tertiae
520 2182 608 2248 lucia
643 2179 874 2270 operationem
894 2180 1103 2269 speculantea
1125 2202 1165 2244 ex
1190 2179 1354 2247 osuimua.

235 2262 334 2358 tHinc
361 2265 405 2328 est
462 2267 531 2330 uod
552 2265 600 2330 ait
620 2269 811 2354 Apostolus,
847 2203 1216 2353 Mortpscaaenemiia
1237 2264 1356 2356 vestra

239 2367 323 2430 miae
339 2342 417 2440 sant
425 2287 532 2439 jasper
552 2363 689 2428 terram,
713 2350 796 2416 acfi
820 2364 933 2448 aperte
948 2347 1093 2422 diceret,
1118 2350 1268 2414 Membra
1282 2371 1356 2413 ma-

240 2429 352 2506 litiae,
382 2453 467 2518 quae
487 2433 704 2510 vestrorunt,
740 2455 901 2520 quoniam
922 2453 962 2496 ex
982 2431 1086 2495 velita
1105 2431 1356 2507 inobedientia,

242 2527 277 2578 et
308 2535 378 2578 non
403 2537 442 2578 ex
462 2519 537 2580 Deo
559 2518 664 2592 faeta,
696 2539 736 2582 ex
758 2517 879 2604 quibua
902 2513 1010 2580 veluti
1033 2518 1202 2600 quoddam
1224 2535 1357 2602 corpus

239 2594 435 2663 universalia
456 2600 628 2686 nequitiae
650 2599 833 2666 aedificatis
855 2600 953 2684 super
975 2612 1115 2673 terram,
1147 2600 1214 2662 boc'
1234 2597 1278 2661 est
1299 2600 1357 2662 su·
1426 2669 1427 2680 χ

238 2701 300 2766 per
320 2680 521 2754 soliditatem
544 2701 683 2748 naturae
705 2687 817 2748 a‘Deo
839 2683 1016 2766 conditae,
1040 2703 1085 2746 ne
1104 2683 1143 2746 ab
1160 2679 1202 2745 iia
1219 2681 1355 2747 diutina
1426 2709 1427 2716 ¹

238 2763 428 2850 pblluatur,
449 2766 674 2842 mortificatet
703 2781 738 2831 et
758 2787 822 2851 pro
843 2765 1003 2832 membria
1023 2763 1171 2830 malitiae
1191 2765 1357 2832 interem-

240 2844 306 2922 tia,
348 2851 499 2915 membra
524 2851 685 2930 justitiae,
725 2871 811 2938 quae
838 2850 917 2914 sunt
944 2847 1104 2926 virtutea,⁹
1137 2846 1354 2915 constituite:

262 2933 522 3008 uemadmodum
556 2935 652 3023 super
673 2949 835 2998 naturam·
852 2955 891 2998 ea
913 2937 986 2998 Deo
1010 2931 1201 3006 conditam,
1234 2933 1354 2998 veliria

238 2951 374 3078 iiverlia
397 3014 613 3094 criminibus,
638 3016 745 3080 veluti
765 3018 930 3102 templum
951 3019 1121 3103 quoddam
1142 3015 1354 3082 abominabi-

237 3095 289 3169 le,
314 3095 545 3185 diabolicaque
565 3099 776 3166 habitatione
797 3101 1006 3186 condignum
1028 3097 1265 3174 constnrxistiat
1299 3099 1351 3164 ita

239 3176 340 3242 etiam
363 3202 402 3242 ex
420 3180 590 3267 lapidibua
611 3183 777 3257 uirtutum
793 3182 909 3249 divina
922 3182 1028 3270 gratia
1043 3181 1183 3256 dolatio,
1206 3185 1351 3248 domum

238 3261 417 3344 pretiosam
445 3264 616 3332 conditori
644 3267 745 3354 ipsrua
766 3283 889 3343 terrae,
923 3271 990 3331 hoc
1011 3265 1055 3329 ett
1073 3264 1174 3352 ipsrua
1195 3279 1350 3342 naturae,

238 3343 333 3408 omni
365 3346 460 3412 sorde
491 3351 625 3436 expulsa
650 3349 856 3438 penitusque
884 3349 1080 3423 interemta,
1111 3347 1347 3416 reaedificatio.

241 3425 310 3490 Cui
335 3429 628 3504 sensui,Psalmilla
649 3433 817 3500 consentit
839 3431 976 3508 dcent,
1004 3431 1177 3532 Deficient
1194 3435 1352 3514 peccato·
1425 3485 1426 3488 ,

236 3529 290 3572 ras
308 3532 332 3573 a
351 3525 460 3590 tarra,
484 3529 518 3580 et
539 3519 645 3599 iniqui
666 3520 717 3580 ita
736 3531 775 3582 ut
793 3539 857 3583 non
866 3513 952 3605 fiat.
997 3519 1063 3582 Ubi
1083 3513 1214 3603 tropice
1236 3537 1278 3580 ex
1298 3516 1347 3580 ef·
1425 3581 1426 3584 ,

236 3592 381 3660 fectibua
404 3599 534 3664 causam
554 3597 761 3688 significant,
783 3623 844 3688 per
863 3615 1056 3688 peccatores
1074 3598 1256 3685 etiniquoa
1268 3620 1347 3686 poc·

237 3691 368 3776 cataet
389 3677 586 3768 iniquitaten
606 3681 773 3760 insinuat,
799 3705 885 3771 quae
905 3699 1048 3750 exterra
1064 3698 1216 3756 naturae,
1239 3703 1346 3770 quau·

237 3761 282 3825 do
302 3762 500 3830 ltberabitur
522 3767 562 3831 ab
585 3765 681 3832 omni
701 3766 847 3845 malitia,
870 3767 1046 3843 deficient,
1066 3765 1168 3832 itaut
1182 3783 1255 3832 non
1268 3767 1345 3831 lint.

233 3843 376 3908 Peccata
404 3845 495 3912 enim
527 3863 561 3914 et
590 3847 641 3916 ini
664 3849 787 3917 uitatea
818 3866 888 3916 tam
918 3850 977 3916 diu
999 3851 1061 3916 elsa
1081 3849 1242 3915 videntur
1262 3852 1345 3916 dum

234 3921 323 3990 nihil
344 3926 425 4002 sint.
448 3952 548 4017 quam
570 3931 631 3997 diu
643 3872 798 4032 iubjecta
817 3948 938 3999 natura
951 3933 1210 4000 contineantur:
1233 3953 1271 3998 aa
1284 3953 1343 3996 ve·

114 4007 118 4019 '
199 4026 205 4040 ·
233 4025 272 4072 ro
301 4025 460 4096 purgata,
491 4028 525 4079 et
556 4018 598 4080 ad
627 4017 797 4103 pristmum
819 4017 1041 4083 linceritatem
1062 4017 1221 4083 reductae
1256 4035 1341 4102 quae

233 4109 295 4174 per
309 4091 378 4189 sne..
399 4092 437 4158 id
457 4095 501 4159 est
520 4115 658 4193 ppccata
679 4117 714 4198 et
732 4097 949 4198 iniquitaten,
986 4100 1152 4166 subsistere
1172 4099 1338 4172 nesciunt,

232 4174 275 4238 ad
304 4175 450 4244 nibilum
475 4195 614 4266 penttut
642 4185 839 4271 redigentur
846 4229 857 4262 ,
890 4197 938 4254 ata
966 4199 1104 4253 utnon
1124 4183 1201 4252 lint.
1245 4185 1338 4250 ldem
1424 4219 1425 4264 3
