2922 4978
218 304 221 318 μ
294 213 381 290 Μ
617 212 1069 286 slelliniriottellsostnoe.
1152 154 1156 174 Ι
1234 212 1241 243 ’

297 417 391 470 turae
411 399 611 468 subslamere
630 401 767 476 votens,
795 397 940 488 propriso
960 399 1027 466 suia
1050 394 1319 472 irrationabilibus
1335 403 1369 468 li·

295 485 443 574 bitiaque
470 484 619 554 motibna
646 483 820 550 hominem
847 484 994 570 permisit
1028 480 1209 557 abuti‚'ut
1227 483 1261 550 in
1281 484 1370 572 seipso

296 572 453 656 probaret
482 568 573 666 quid*
592 565 642 641 sui
663 567 848 634 conditoria
870 567 972 653 gratia
994 566 1217 652 meritumque
1234 567 1371 632 obedien·

296 652 364 718 tiae
385 667 419 716 et
462 653 522 717 ord
543 649 827 717 irrationabilibus
847 651 994 718 motibua
1021 652 1223 738 superbaque
1242 649 1372 716 mandati

296 752 386 802 trano
427 758 444 798 e
483 757 503 800 ο
535 733 594 801 tihi
625 735 802 801 conferret.
845 736 892 798 Ac
946 736 1066 798 erboc
1087 733 1192 798 veluti
1213 730 1373 798 dirortinrn

296 821 388 905 quod
413 841 465 883 am
492 817 592 898 maria
625 833 659 882 et
688 817 855 884 foeminae
886 757 1122 902 subsequutum
1155 815 1198 880 est
1216 815 1298 882 inter
1317 815 1375 880 aui·

294 923 389 968 mum
412 917 445 965 et
464 902 612 974 sensum
650 921 720 966 non
745 899 835 964 enim
856 903 1065 987 obtemperat
1085 900 1196 964 sensua
1217 919 1374 985 corporeut

293 983 490 1065 iussionibua
520 983 625 1048 animi
653 990 746 1063 juxta
777 984 867 1068 leger
899 1000 1047 1051 naturae.
1091 984 1192 1068 Quod
1213 981 1375 1047 divortium

214 1132 216 1146 ,
240 1137 251 1152 ,
293 1069 468 1152 Apostolus
490 1083 603 1154 aperte
623 1069 805 1154 pulcraque
826 1065 994 1152 expressit,
1019 1064 1165 1132 uicena:
1195 1071 1303 1132 Mente
1308 1061 1373 1212 1'leo

193 1221 197 1229 ,
293 1153 351 1218 oio
369 1152 439 1234 sagi
459 1152 548 1224 Det,
570 1173 667 1214 carne
687 1166 797 1216 autem
817 1151 884 1232 legi
902 1153 1050 1230 peccati:
1084 1171 1216 1217 carnem
1235 1149 1309 1212 vide
1323 1151 1376 1212 'oet

281 1235 462 1300 ‘carnalem
483 1235 612 1298 sensnm
636 1236 826 1320 appellant,
851 1233 909 1318 qui
929 1233 1186 1298 rationabilibus
1206 1230 1305 1297 animi
1320 1251 1378 1294 mo

295 1315 386 1384 tibae
416 1317 515 1386 etiam
544 1316 581 1385 in
604 1315 667 1383 aia
688 1317 746 1403 qui
786 1315 907 1382 erfecti
928 1319 1025 1393 sunt,
1054 1316 1252 1382 inobediens
1271 1311 1376 1378 refislit

294 1403 340 1466 Et
365 1399 461 1466 atibir
493 1405 530 1468 V
527 1401 603 1464 ideo
631 1402 731 1472 osiam
775 1424 865 1482 egem
893 1404 926 1463 in
947 1401 1097 1464 membris
1116 1404 1197 1464 mair
1218 1419 1378 1482 repugnan-

295 1499 362 1551 tem
381 1485 582 1567 tegimentis
603 1505 710 1559 meae,
740 1499 773 1548 et
794 1487 1017 1567 captivantem
1038 1509 1087 1548 me
1108 1487 1142 1571 iq
1162 1485 1234 1565 lege
1251 1481 1375 1565 procoss.

293 1567 532 1634 Animadverte
562 1566 728 1632 dissidium
759 1567 841 1651 legia
863 1568 985 1635 mentia
1008 1583 1042 1632 et
1061 1566 1145 1654 legis
1170 1564 1306 1632 carnalia
1323 1563 1379 1628 sen·

217 1721 221 1728 ,
295 1651 365 1726 sua,
387 1673 472 1738 quae
493 1649 685 1716 dominatur
703 1649 748 1713 in
757 1651 919 1714 membris
940 1649 1117 1716 carnaliter
1128 1648 1322 1722 viventium,
1339 1665 1379 1709 re

293 1745 425 1833 pugnpt
451 1733 623 1831 mentibua⁸
656 1732 877 1830 spiritualium
900 1735 936 1798 in
958 1732 1156 1799 mortalibua
1177 1730 1326 1798 membria
1345 1727 1379 1790 ad

193 1837 197 1846 ·
295 1815 568 1884 exereuationem
589 1832 744 1880 vrrtuuar
765 1816 912 1903 'ideoque
933 1817 987 1882 lex
1007 1815 1137 1903 peccati
1160 1815 1182 1880 i.
1207 1839 1234 1883 e.
1252 1809 1378 1884 ,carnalia

296 1900 408 1988 sensua
431 1902 470 1962 ab
492 1899 647 1987 Apostolo
668 1897 861 1966 nominatur
884 1900 936 1964 est.
987 1901 1053 1967 Sed
1073 1901 1140 1964 hoc
1164 1897 1323 1964 dissidium
1343 1889 1381 1956 di·

293 1981 510 2068 vortiurnqna
540 1981 645 2052 animi
672 1999 707 2048 et
738 1983 848 2048 sensua
870 1985 1005 2068 quando
1025 1982 1260 2047 restaurabitur
1278 1993 1380 2043 natura

260 2071 266 2092 '
295 2079 331 2130 et
343 2067 385 2129 ad
393 2065 578 2130 naturalem
589 2065 742 2139 ordinem
752 2065 973 2142 revocabitur,
983 2066 1019 2130 in
1032 2087 1149 2152 pacem
1166 2082 1201 2130 et
1220 2056 1380 2150 spiritualia

294 2146 522 2246 naturaliaque
551 2147 747 2234 coniugium
779 2164 946 2223 vertetur,
979 2152 1114 2235 quando
1136 2167 1261 2235 corpur
1281 2137 1383 2214 sensui,

293 2230 407 2296 sensu·
430 2253 566 2308 ammo,
583 2231 714 2304 animno
736 2235 809 2298 Deo
832 2231 983 2298 subditur
1002 2249 1035 2297 et
1051 2232 1216 2301 obediena
1231 2228 1301 2294 erit.
1320 2229 1383 2290 stoc

296 2311 398 2380 etiarn
427 2315 574 2414 apertius
596 2315 814 2381 daturrnobia
835 2315 1000 2402 intelligi,
1037 2316 1060 2380 fi
1083 2318 1210 2403 Septna
1237 2313 1304 2378 inta
1323 2304 1381 2372 edi·

294 2395 424 2462 tionem
443 2401 671 2470 intendantur.
713 2403 764 2464 Et
785 2401 832 2466 ad
849 2404 955 2466 virum
976 2414 1065 2466 tuum
1085 2337 1253 2488 eonv'arJio
1269 2410 1338 2466 tua·
1356 2399 1382 2452 ts
1435 2445 1436 2465 r

295 2477 367 2571 ipse
386 2485 437 2546 tui
455 2483 687 2550 dominabitur.
731 2484 863 2570 Quibua
889 2483 998 2548 verbio
1021 2482 1223 2569 apertissime
1244 2470 1382 2560 intelligi·

294 2576 350 2629 tur
368 2564 496 2629 reditur
518 2569 684 2633 humanae
703 2583 844 2636 naturae
864 2566 901 2632 in
922 2565 1096 2652 prisliuum
1118 2566 1285 2630 ordinem.
1362 2639 1369 2654 .

356 2647 416 2714 26ae
441 2651 542 2732 Quod
558 2663 683 2714 ¹autem
705 2649 784 2714 niro
807 2649 934 2715 dictum
958 2649 1019 2724 ess,
1055 2649 1236 2714 maledieto
1258 2659 1385 2710 renam

294 2750 392 2812 opere
413 2744 486 2806 nro,
509 2745 543 2799 et
563 2747 693 2798 caetera
713 2733 877 2820 quaesub
900 2731 1271 2798 sormamaledictionia
1284 2726 1385 2818 viden:

295 2825 351 2874 tur
372 2813 435 2881 esse
455 2813 588 2900 scripta,
609 2838 679 2881 uon
702 2816 800 2890 sacile
820 2830 949 2900 patent,
971 2814 1076 2901 qualia
1098 2817 1136 2880 sit
1159 2816 1218 2881 illa
1240 2831 1321 2878 terra
1338 2825 1385 2870 ω]
1433 2839 1434 2850 ¹

249 2903 251 2910 '
293 2893 416 2960 merito
460 2896 732 2964 raevarioationia
752 2897 874 2971 animi,
920 2897 954 2962 ui
979 2897 1022 2961 ess
1043 2895 1095 2962 vir
1115 2901 1285 2970 humanae
1304 2905 1385 2957 nato·

282 2999 372 3052 rae,
392 2919 621 3054 maledicitur,
644 2998 678 3046 et
721 2981 804 3045 ualia
826 2981 865 3044 sit
885 2921 942 3062 isia
963 2979 1167 3050 maledictio.
1211 2984 1327 3046 Unum
1346 2971 1386 3034 in·

295 3059 505 3148 dignationia
525 3062 681 3159 leventur
698 3003 763 3139 bt,
788 3086 830 3128 an
852 3065 1014 3149 quaedum
1034 3065 1171 3146 myslica
1193 3055 1385 3148 objurgatiot
1432 3075 1433 3124 l

212 3221 217 3234 Ι
295 3158 331 3207 et
359 3161 419 3208 eur
449 3165 519 3210 non
543 3147 613 3231 tpse
636 3145 848 3232 animno-qui
868 3166 987 3210 vocem
1007 3147 1158 3215 mulieris
1183 3147 1324 3213 audiena
1343 3159 1386 3233 v?

294 3224 473 3322 titumque·
490 3227 640 3297 sanmuro
666 3231 847 3300 comedent
869 3227 1040 3314 peccavit,
1070 3231 1290 3304 maledictum
1311 3221 1385 3290 sulla·

256 3373 263 3391 ⁸
294 3322 392 3372 nunt:
415 3325 449 3384 et
463 3309 500 3375 in
522 3311 643 3397 quibua
663 3312 833 3377 laboribus
855 3311 1003 3376 comedit
1027 3314 1242 3378 maledictam
1266 3323 1385 3376 terram:
1431 3309 1432 3328 ¹

295 3390 408 3477 etqui
430 3393 508 3458 sunt
528 3394 599 3465 dieo
619 3393 709 3460 vitae
731 3395 861 3468 arriani:¹
878 3397 1057 3483 qualesque
1080 3396 1198 3480 spinae¹
1212 3411 1247 3462 et
1260 3391 1385 3458 tribulos

295 3473 461 3558 geminet
484 3493 584 3553 terra,
631 3498 755 3563 unaque
775 3477 892 3542 herbas
913 3482 986 3558 ejua
1008 3479 1173 3544 comedit:
1198 3477 1276 3566 quia
1290 3476 1385 3542 sudor,

238 3609 241 3620 .
295 3555 372 3642 quia
394 3560 526 3635 vultus,
557 3499 663 3645 quzia
686 3560 813 3626 reditun
835 3559 941 3630 animi
961 3560 998 3624 in
1021 3577 1139 3627 terram
1163 3565 1208 3626 de
1229 3583 1295 3658 qua
1315 3559 1385 3620 sum·
1430 3569 1431 3630 l

295 3653 352 3703 tua
375 3640 437 3716 est,
461 3641 537 3787 qnia
559 3641 681 3728 pulvia.
707 3645 817 3718 :Haec
838 3643 953 3708 omnia
973 3645 997 3708 sa
1015 3644 1201 3720 secundum
1220 3640 1384 3708 ameriam.

258 3723 360 3786 ‘hoc
389 3725 432 3786 esl
476 3729 646 3790 ecundum
679 3747 791 3792 rerum
821 3725 1022 3792 sensibilium
1051 3728 1197 3812 quaein
1219 3731 1285 3792 hac
1305 3722 1388 3788 etde

294 3807 359 3870 hac
386 3822 472 3881 serra
499 3808 696 3874 hominibua
718 3808 893 3878 habitabili
914 3809 1022 3886 siunt,
1054 3810 1284 3897 accipiantur,
1316 3806 1387 3870 sicul

293 3882 408 3955 multia
429 3891 635 3960 auctoribua
664 3891 786 3969 lacuit,
808 3893 1004 3958 autnttllam
1024 3892 1291 3961 autteviffimam
1303 3905 1387 3976 qm·

293 3967 432 4036 ffionem
455 3971 617 4058 gignunt:
641 3913 686 4040 bn
709 3998 789 4040 vero
810 3975 847 4038 in
868 3974 937 4060 ipsa
957 3979 1104 4042 humana
1125 3993 1250 4042 natura
1266 3977 1343 4038 stcut
1360 3979 1386 4026 et

293 4069 421 4137 caetera
450 4077 534 4140 quae
564 4062 605 4124 de
633 4057 705 4142 ipso
733 4057 901 4143 praedicta
929 4058 1022 4135 sunt,
1055 4059 1297 4146 intelligenda,
1326 4067 1384 4116 110ss
1428 4103 1429 4106 κ

291 4156 395 4222 parva
425 4130 581 4224 indigent
607 4139 834 4226 indagatione.
877 4141 981 4226 Quod
1013 4160 1123 4210 antem
1154 4159 1189 4210 et
1213 4141 1383 4206 secundum
