2948 4978
158 195 163 208 ’
280 209 330 288 [8
617 169 1070 286 flammemur.
1153 285 1155 288 ,

284 393 398 466 omnia
416 396 607 464 [motorum
628 395 858 486 expofitomm.
872 395 1014 462 Sanctae
1039 393 1113 463 Scri
1139 405 1233 464 tntae
1247 394 1408 476 versatur,

280 479 448 558 intentio,
483 478 559 545 setia
591 495 632 544 ut
652 479 793 546 arbitror
813 475 1078 625 praesentialiter
1155 496 1229 548 tum
1250 482 1305 546 est.
1342 485 1393 547 Ἡ.

280 563 368 631 Satio
390 566 502 654 plane.
544 566 771 628 Veruntamen
790 561 929 662 paniua
952 561 1068 628 audire
1088 564 1194 630 velim
1216 567 1258 632 de
1272 563 1394 632 habitu

280 649 386 714 trium
418 646 610 713 divinatum
642 645 905 712 substinuerum.
946 645 1078 711 Poterit
1097 645 1190 714 enim
1211 647 1287 736 quia
1307 651 1395 714 ltrec

279 731 422 815 mystica¹
437 732 579 795 Sanctae
600 727 954 805 Trinitatianomina,
976 729 1112 794 Patrem
1131 729 1200 796 vin.
1217 747 1253 796 et
1265 729 1394 798 Filium

280 830 317 881 et
345 812 509 902 Spiritum
534 811 712 889 Sanctum,
741 831 815 876 non
844 813 1029 878 secundum
1048 811 1304 891 habitudinem,
1335 813 1397 881 sed

281 899 467 963 secundum
492 912 648 962 naturam
672 893 840 993 accipere:
876 897 978 960 Pater
1000 895 1093 960 enim
1113 894 1311 963 substintiae
1319 919 1393 1044 ¹⁴pa·

165 1027 169 1033 -
269 981 341 1047 ‘taio
368 1003 494 1047 nomen
528 981 591 1045 else
611 975 760 1044 videtur.
805 977 969 1043 Smiliter
989 993 1024 1042 et
1044 977 1151 1045 Filius
1170 1001 1299 1046 nomeu
1334 982 1396 1046 ub·

278 1063 418 1131 uanam
439 1062 520 1139 filii,
543 1061 839 1162 Spirituanuoque
854 1059 970 1160 Sancti
983 1061 1193 1142 nominatio,
1216 1085 1289 1130 non
1299 1062 1396 1129 eliud

279 1145 1397 1332 tillimstill?tlttlltlssltll'talnlllfl{²5¹3

280 1314 369 1404 goni
391 1311 560 1400 Theologi
580 1313 707 1377 summa
727 1311 996 1399 venerabilisque
1018 1311 1197 1388 autoritas,
1213 1318 1396 1399 'veraeque

278 1398 421 1548 zet
442 1395 667 1545 tarsen
683 1395 945 1544 ettam:
962 1397 1263 1546 latitent

275 1565 429 1650 lantibus
456 1563 682 1650 interrogatur
713 1564 791 1627 esset
812 1566 854 1628 de
874 1565 941 1628 hoo
960 1561 1118 1636 nomine,
1151 1566 1245 1662 quod
1266 1564 1311 1629 est
1329 1562 1394 1628 Pa·

277 1663 348 1726 ter,
369 1662 485 1712 utrum
508 1645 649 1711 niturae
668 1648 709 1711 stt
728 1667 770 1710 an
793 1667 813 1712 o
840 1645 1044 1712 erationiefi
1092 1646 1284 1725 ifiattvum,
1307 1644 1394 1711 divi·

277 1753 325 1796 nu
344 1727 450 1818 gratia
470 1729 681 1796 illuminatus
701 1669 900 1795 mirabffiter
918 1730 1039 1817 respon
1068 1729 1094 1794 ‘t
1122 1728 1257 1808 dicena,
1287 1753 1310 1794 n

277 1819 433 1880 Naturae
456 1811 539 1908 effe,
573 1837 676 1899 neque
696 1817 920 1896 operationir,
932 1808 1002 1906 sed
1011 1807 1122 1906 sosius
1140 1815 1189 1878 ud
1198 1749 1393 1902 filiumeiriii

274 1899 450 1964 hirudinis.
495 1896 531 1962 Si
553 1897 645 1962 enini
663 1898 882 1984 responderet
900 1913 1040 1976 natum
1066 1903 1194 1963 nomon
1215 1899 1297 1973 elle-i
1327 1898 1391 1962 Pe·

277 1997 385 2059 trem,
406 1979 459 2046 illi
479 1981 645 2046 continuo
667 1983 902 2066 sequerentur,
926 1980 1145 2068 dicerentque
1163 1981 1315 2058 similiter
1335 1977 1392 2044 Fi·

276 2065 363 2130 lium
383 2085 511 2130 nomen
532 2065 595 2128 ell'e
616 2081 773 2128 naturae:
795 2065 820 2128 li
841 2081 954 2129 autem
974 2066 1042 2129 hoc
1062 2068 1217 2141 daretur,
1247 2064 1398 2130 necessa·'

276 2147 330 2214 rio
351 2149 559 2236 sequeretur,
581 2146 717 2212 alteriue
738 2163 878 2211 natiuae
899 2163 994 2234 pater
1009 2150 1070 2212 esse
1084 2168 1229 2223 nomen,
1253 2146 1390 2220 alteriue

275 2231 386 2307 filiun,
412 2229 458 2296 =in
485 2253 555 2294 una
583 2230 676 2296 enim
708 2234 892 2317 eademque
921 2246 1042 2296 natura
1064 2235 1132 2296 duo
1151 2231 1294 2297 nentina
1316 2251 1335 2295 a
1356 2231 1392 2294 se
1464 2305 1465 2316 p

216 2399 220 2406 Δ
276 2314 427 2381 invicem
457 2312 647 2380 differentia
677 2312 752 2380 fieri
772 2335 844 2379 non
864 2316 1019 2400 possant3
1053 2333 1095 2394 ac
1114 2337 1175 2402 pet
1195 2318 1262 2380 hoc
1285 2312 1393 2406 corqsi·

276 2415 411 2474 cerent,
443 2399 577 2464 Patrem
605 2413 640 2463 et
667 2397 793 2462 Filium
820 2395 1055 2498 irepouoiouc,
1087 2401 1155 2464 hoc
1176 2399 1221 2463 est
1240 2395 1392 2484 diversae

277 2481 434 2547 essentiae
464 2482 523 2546 seu
553 2497 693 2546 neutrae
727 2483 800 2567 esse.
851 2482 1014 2548 Similiter
1044 2485 1087 2547 de
1111 2480 1311 2581 operatione
1338 2501 1392 2544 re·
1464 2537 1465 2542 ,

276 2566 436 2652 sponsum
463 2565 522 2641 est3
551 2587 635 2629 nam·
653 2566 678 2628 [ι
699 2567 833 2630 daretur
854 2565 920 2640 eie,
955 2564 1162 2653 operationis
1181 2585 1308 2630 nomen
1328 2563 1392 2628 Pa·
1464 2585 1465 2590 ¹

276 2663 330 2714 ter
341 2651 414 2728 else,
436 2647 609 2714 confestim
619 2650 870 2731 concluderent,
891 2647 1017 2714 Filium
1028 2650 1091 2713 else
1099 2651 1391 2722 creaturamscum
1464 2715 1465 2718 ,

274 2733 375 2798 Pater
387 2730 593 2819 operationis
611 2735 677 2796 hoc
692 2731 737 2795 esi
751 2731 931 2797 creationis
939 2733 1225 2797 suaenomeneue
1232 2727 1391 2798 concedi·

275 2831 342 2881 tur.
364 2819 408 2880 D.
420 2814 1222 2901 Hocresponsumlaudabileell'ecertiffimumesl,
1238 2830 1392 2880 menre-

275 2898 375 2966 ritate
383 2897 593 2985 inspiratum,
605 2900 772 2985 sedpaulo
783 2899 986 2988 locupletior
994 2899 1199 2966 considerare
1208 2900 1387 2974 (leheman

274 3003 356 3050 nam
383 2996 423 3046 ut
450 2979 537 3046 mihi
564 2981 720 3059 videtur,
752 3004 824 3048 non
856 2982 1021 3050 continuo
1044 3005 1122 3047 eum
1142 2983 1390 3068 reprehendere
1464 3015 1465 3022 κ

275 3067 424 3154 pollent,
455 3065 513 3128 ets
545 3064 672 3132 diceret
699 3067 834 3130 Patrem
863 3087 989 3132 nomen
1015 3065 1248 3132 nannaeeffe.
1293 3063 1391 3148 Quid

276 3147 395 3213 enims
417 3146 579 3235 nunquid
596 3151 664 3214 ‹luo
685 3149 844 3224 nomina,
869 3149 942 3214 ase
962 3147 1111 3214 invicem
1125 3149 1206 3214 sono
1227 3168 1298 3212 non
1313 3148 1388 3213 seu·
1464 3207 1465 3214 ,

275 3229 316 3294 iu
336 3229 569 3317 discrepantia,
578 3230 616 3299 in
640 3255 710 3298 unu
730 3237 930 3320 eademquet
952 3247 1071 3296 natura
1082 3229 1228 3329 intelligi
1238 3251 1310 3296 non
1327 3251 1387 3295 ra·

273 3313 373 3380 lenti
396 3335 475 3380 cum
494 3316 661 3382 Abraham
684 3331 719 3381 et
739 3315 845 3392 Isaac,
867 3317 1001 3379 Patrem
1021 3315 1087 3380 rin.
1109 3329 1143 3378 ct
1156 3313 1265 3380 finum
1280 3335 1389 3380 unam
1464 3345 1465 3352 ¹

276 3411 432 3464 naturam
451 3398 636 3486 significare
656 3399 849 3474 videamur,
879 3419 952 3463 non
975 3399 1067 3463 enim
1088 3395 1224 3462 alteriue
1244 3413 1388 3463 naturae
1464 3411 1465 3420 ’

274 3500 402 3546 nomen
423 3481 468 3545 ell
487 3484 671 3558 Abraham,
692 3481 827 3547 alteriue
848 3482 954 3557 Isaac,
977 3483 1035 3547 sed
1053 3479 1155 3546 uniua
1178 3495 1279 3568 atque
1300 3484 1388 3560 eiua·

277 3565 366 3630 dem.
409 3567 459 3630 M.
480 3569 585 3632 Recte
607 3565 754 3642 dicerer,
787 3565 812 3629 fi
831 3565 980 3632 similiter
1000 3564 1039 3630 in
1061 3569 1128 3629 hoc
1148 3579 1208 3630 tuo
1230 3566 1386 3662 exemplo

274 3649 318 3712 de
347 3648 512 3738 Abralqam
540 3664 575 3714 et
602 3649 691 3716 Isaac
722 3647 882 3714 affirmare
901 3649 1048 3723 valeres,
1083 3651 1176 3748 quod
1195 3669 1266 3713 non
1291 3649 1388 3713 aliud

275 3730 439 3817 siguificat
458 3734 624 3799 Abraham
644 3732 703 3798 seu
723 3735 827 3810 Isaac,
850 3747 885 3797 et
906 3730 1042 3796 aliudli
1090 3731 1182 3796 rficat
1202 3731 1240 3796 in
1259 3729 1386 3796 eia'.Pa·
1464 3757 1465 3814 p

240 3895 249 3908 ,
276 3827 327 3878 ter
347 3831 381 3882 et
401 3817 503 3884 siliua.
534 3817 622 3882 Nam
641 3819 815 3884 serantur
837 3829 871 3881 et
890 3835 1017 3880 nomeu
1088 3813 1188 3902 ipsiua
1204 3803 1383 3890 Abraha'm,

273 3909 312 3962 et
337 3899 437 3966 Pater
459 3921 586 3967 nomen
616 3900 660 3966 est
693 3901 804 3967 eidem
827 3901 1002 3966 Abraham.
1045 3897 1206 3964 Similiter
1227 3914 1262 3963 et
1281 3899 1382 3972 Isaac,
1464 3903 1465 3976 l

275 3995 310 4046 et
329 4003 457 4053 nomen
478 3983 523 4048 ess
543 3985 649 4062 Istae,
681 4000 716 4049 et
733 3983 825 4050 filius
846 4003 973 4048 nomen
995 3982 1039 4050 cll
1059 3981 1169 4048 eidem
1190 3980 1293 4048 lsaact
1323 3981 1386 4048 sed
1464 4027 1465 4030 =

272 4085 345 4130 non
378 4069 419 4134 de
445 4069 562 4134 eadem
587 4087 624 4134 te
652 4070 818 4136 Abraham
849 4082 884 4132 et
898 4083 1014 4164 pater,
1046 4067 1104 4134 seu
1125 4065 1213 4132 lianc
1234 4081 1269 4130 et
1288 4061 1382 4132 filiu·
1464 4065 1465 4098 ³

273 4149 520 4236 praedicantur.
562 4153 651 4222 Natu
680 4154 726 4220 de
750 4149 928 4220 neumae
957 4151 1140 4228 turum.
1176 4149 1215 4218 id
1238 4147 1301 4226 es,
1337 4151 1382 4216 de
