2854 4978
475 253 852 376 mesuran·
1095 259 1176 334 aas

58 445 248 512 monem
272 443 316 510 Ξ).
336 441 510 508 ilcoordor
527 441 616 508 iane
659 442 709 508 Μ.
734 441 786 510 Ex
805 442 906 510 rebus
926 443 1041 532 ltsqua
1059 443 1173 512 incon·

58 527 236 618 poralibus
267 547 409 613 corpora
437 543 634 592 nascuntur.
690 529 732 590 D.
762 529 815 594 Ne
838 549 893 594 are
922 549 994 595 non
1027 531 1171 618 poffnm,

57 610 244 701 praedictis
265 610 357 676 enim
378 609 567 676 rationibus
579 610 770 678 collectum
790 549 850 678 cd.
884 611 935 676 Μ.
957 613 1110 714 corpora
1125 637 1175 681 er·

132 699 281 775 nonde
300 693 431 769 nihilo,
464 696 522 759 led
544 697 585 759 de
606 692 720 782 aliquo
741 695 840 760 liunt.
882 697 961 761 Non
984 717 1076 764 enim
1097 697 1175 789 quis

59 719 203 854 drmit,
233 778 420 866 praedictas
450 799 566 843 eorum
596 775 786 844 occasiones
807 778 895 845 nihil
916 781 997 857 elle,
1027 783 1096 848 hoe
1118 781 1172 859 cli,

58 863 267 952 quantitates
289 879 324 928 et
344 861 538 949 qualitates,
560 861 760 928 formassvel
781 862 927 950 specics,
949 866 1099 944 colores,
1120 865 1174 932 in·

59 947 200 1012 tervalla
220 944 464 1033 longitudinis,
497 943 706 1022 latitudinis,
734 946 941 1023 altitudinis,
959 963 999 1012 et
1019 955 1098 1014 cuin
1119 947 1174 1016 hit
1263 961 1272 972 '

56 1034 133 1098 loca
159 1045 196 1098 et
218 1047 391 1118 tempora,
416 1032 546 1118 quaesi
571 1029 771 1105 abstraxeris,
794 1051 934 1118 corpora
958 1055 1030 1102 non
1052 1049 1172 1111 ernntt

56 1116 82 1179 fi
110 1115 350 1196 conjunxeris,
388 1137 467 1179 mox
495 1113 688 1179 efficiuntur
714 1116 781 1180 five
811 1115 994 1192 catholica,
1027 1132 1068 1181 nt
1095 1115 1175 1182 lunt

56 1213 206 1296 quatuor
225 1199 346 1265 mundi
367 1198 512 1264 maxima
534 1217 693 1284 corpora,
719 1200 786 1263 five
807 1197 961 1287 propria,
988 1197 1176 1287 specialilli·

55 1303 194 1380 unaque
211 1285 311 1347 rebus
333 1282 514 1382 distributa.
536 1283 656 1382 ⁸Quae
677 1297 801 1382 cuncta
823 1305 863 1348 ex
885 1299 1031 1383 qustuor
1050 1282 1175 1371 smpli·
1304 1310 1307 1325 ·

57 1369 157 1430 orbus
184 1368 361 1432 elementis
384 1387 545 1453 componi
567 1385 638 1430 non
659 1369 818 1453 negabis,
855 1381 896 1430 ut
916 1387 1057 1454 opinor,
1092 1373 1191 1455 quo-¹
1285 1426 1290 1439 .

55 1448 150 1515 niam
180 1447 218 1517 in
248 1471 287 1514 ea
313 1450 537 1516 resoluuntur.
581 1453 624 1513 D.
656 1453 735 1515 Non
764 1443 917 1550 negabo,
948 1448 1007 1516 sed
1028 1450 1086 1516 illa
1107 1453 1175 1517 ele·
1273 1523 1278 1530 ,

56 1548 174 1597 menta
192 1555 254 1620 per
274 1531 308 1598 le
328 1533 490 1621 stmplicia
512 1535 636 1620 suaque
658 1537 902 1622 competitione
923 1531 1078 1600 omniurn
1101 1555 1173 1601 cor·

54 1639 179 1703 porum
204 1615 376 1693 effectiva,
401 1621 443 1682 de
464 1617 574 1682 nihilo
597 1618 660 1682 elle
681 1616 766 1683 facta
792 1616 953 1694 dixerim,
988 1617 1071 1705 quid
1092 1639 1128 1683 er
1151 1639 1173 1685 o

56 1701 211 1766 dicturus
246 1722 282 1766 es
308 1695 354 1766 'de
382 1700 658 1788 primordialibus
688 1703 811 1777 caulis,
848 1703 889 1766 de
921 1700 1045 1848 puibus
1140 1717 1173 1768 ta

58 1782 232 1850 diximus?
266 1785 507 1871 Quaerendum
538 1785 582 1849 cll
614 1783 707 1850 enim
735 1807 837 1872 quare
858 1805 976 1852 cauae
999 1785 1172 1866 dicuntur,

53 1869 76 1932 fi
100 1868 138 1934 in
163 1865 303 1932 effectus
322 1869 399 1933 loos
419 1889 492 1933 non
512 1870 731 1954 procedunt?
754 1867 916 1957 liquidem
930 1869 954 1935 fi
970 1867 1087 1936 omnis
1101 1890 1173 1937 cor·
1312 1861 1343 1878 ”’

81 1973 140 2016 ora
162 1973 204 2016 ex
224 1952 417 2026 elementis,
440 1954 708 2019 elementarem
732 1954 773 2019 de
796 1951 924 2028 nihilo,
943 1951 1079 2030 illorum
1096 1975 1173 2020 cau·

53 1975 88 2100 ia
109 2034 286 2102 videbitur
307 2038 370 2100 effe
391 2034 496 2112 nihil;
527 2055 599 2100 non
623 2052 736 2102 sutem
757 2037 847 2123 ipsae
869 2056 952 2124 quat
974 2039 1057 2102 deus
1076 2053 1174 2125 pater

52 2116 90 2183 in
121 2121 228 2186 verbo
260 2120 320 2185 luo
342 2118 434 2184 fecit.
477 2123 522 2184 Et
543 2119 566 2182 fi
587 2118 650 2196 ita,
685 2141 757 2186 non
781 2118 868 2184 nihil
891 2119 955 2184 erit
974 2119 1077 2200 nihil,
1114 2120 1173 2186 sed

52 2202 120 2267 erit
150 2204 258 2268 caula.
300 2206 344 2268 At
372 2203 396 2268 fi
425 2203 529 2268 fuerit
557 2204 675 2280 caula,
709 2203 832 2270 melior
857 2202 923 2268 erit
953 2204 1004 2268 his
1026 2221 1172 2290 quorum

51 2283 242 2361 causaest,
275 2302 310 2351 et
330 2287 510 2352 necellario
532 2286 707 2385 sequetur,
740 2303 780 2351 nt
800 2301 860 2351 ant
879 2290 1022 2352 verbum
1044 2287 1100 2353 dei
1121 2286 1173 2353 ni·

51 2371 104 2435 hil
125 2371 184 2447 ht,
216 2369 252 2436 in
276 2391 343 2457 quo
366 2387 462 2459 pater
484 2391 599 2435 omma
622 2369 718 2446 iecit,
748 2373 842 2459 quod
862 2391 923 2456 per
941 2370 1173 2470 privationem

50 2453 203 2540 impium
234 2452 346 2519 dicere
365 2453 552 2519 videbiturt
586 2454 732 2544 Negatio
755 2453 846 2519 enim
868 2457 961 2518 verbr
1009 2475 1045 2520 er
1066 2456 1176 2522 eucn-¹
1220 2479 1225 2492 ·

49 2536 195 2612 lentiam
222 2553 379 2615 naturae,
410 2559 482 2603 non
504 2553 618 2602 autem
639 2559 706 2625 per
724 2536 950 2624 privationem
973 2477 1172 2606 litbliantiae

48 2623 88 2686 in
113 2621 287 2709 theologia
306 2621 493 2708 reperitur,
530 2636 590 2685 aut
611 2638 703 2686 extra
723 2623 865 2686 verbum
887 2619 984 2684 caula
1006 2625 1171 2721 quaedam

49 2720 221 2792 ponetur,
250 2725 338 2792 qnae
368 2704 455 2771 nihil
483 2702 627 2780 dicitur,
661 2707 702 2770 de
732 2725 797 2792 qua
823 2705 918 2767 Deus
940 2725 1055 2770 omnia
1075 2704 1169 2782 iecit.

1 2823 2 2828 κ
49 2805 86 2853 et
124 2788 162 2852 in
200 2809 267 2876 qna
305 2789 419 2854 omnia
451 2788 547 2876 prius
570 2809 649 2853 uam
679 2787 801 2852 fierent
829 2785 1020 2862 constituit,
1071 2787 1170 2854 aliter

50 2871 148 2938 enim
171 2873 268 2937 caula
289 2894 361 2937 non
384 2871 437 2938 eil.
480 2875 526 2934 Et
545 2809 570 2936 i
589 2871 637 2936 ita
659 2872 723 2949 est,
745 2889 809 2958 qua
831 2869 966 2935 ratione
979 2870 1105 2936 dicitur
1118 2871 1172 2938 ni·

49 2957 124 3031 hil,
153 2976 225 3022 non
248 2954 361 3022 video.
402 2954 501 3020 Prius
523 2954 686 3042 siqnidem
708 2952 851 3020 dixerim
872 2974 947 3019 earn
968 2953 1083 3020 omnia
1107 2953 1172 3020 ello
1289 3011 1293 3016 .

49 3059 157 3129 quam
181 3038 279 3104 nihil.
321 3043 359 3104 ln
382 3039 479 3103 caula
501 3061 648 3126 namque
670 3039 806 3113 omnia,
852 3059 975 3104 uorum
996 3039 1093 3103 caula
1114 3037 1170 3114 en,

48 3123 230 3190 causaliter
261 3138 296 3186 et
346 3121 586 3190 rimordialiter
614 3123 799 3189 tubfistunt.
875 3122 965 3187 .Co
991 3141 1029 3186 or
1058 3121 1169 3198 fateri,

71 3223 200 3272 natuot
227 3147 350 3273 mundi
377 3209 479 3286 hujus
507 3207 675 3287 elementa
703 3205 740 3270 in
793 3204 978 3271 rimordialr
1005 3205 1173 3272 uocantis

49 3231 238 3365 iubfillere,
270 3309 343 3356 non
371 3289 463 3354 enirn
494 3293 728 3378 quorundam,
761 3229 818 3354 ded
845 3288 1078 3356 universaliter
1098 3311 1170 3357 otn-
1306 3285 1312 3298 ⁸

48 3375 152 3438 nium
171 3371 373 3452 vihbih'um,
407 3389 442 3438 et
460 3373 680 3440 invilibilium
700 3374 819 3439 caulae
840 3373 934 3449 lunt,
967 3389 1002 3440 et
1020 3372 1110 3441 nihil
1130 3375 1169 3441 in
1280 3428 1282 3436 ,

49 3453 177 3523 'ordino
197 3473 394 3523 naturarum
416 3456 572 3522 omnium
593 3459 707 3534 sensu,
739 3460 797 3524 feu
817 3456 968 3536 ratione,
990 3457 1051 3522 len
1070 3457 1172 3522 intel·

46 3543 144 3606 lectu
167 3539 381 3640 percipitur,
417 3543 512 3629 quod
538 3561 610 3606 non
639 3545 679 3609 ab
712 3541 760 3606 eis
788 3543 969 3629 procedat,
1005 3554 1042 3604 et
1061 3540 1173 3640 ineis

49 3625 229 3690 causaliter
250 3625 405 3690 subtiliat.
449 3626 498 3688 Μ.
520 3623 611 3689 Sane
631 3623 807 3712 intelligis.
848 3623 1022 3696 Proinde,
1051 3642 1091 3688 nt
1111 3621 1171 3686 lal-

47 3709 121 3785 lor,
152 3730 226 3774 non
246 3709 388 3797 negabis
412 3704 529 3774 omnia
550 3729 691 3796 corpora
711 3707 915 3856 compotita,
946 3719 982 3772 et
1001 3701 1170 3783 solubilis.

98 3811 140 3857 ae
165 3808 364 3860 naturarum
391 3791 548 3857 omnium
568 3807 755 3859 extremum
777 3810 798 3857 o
823 3790 937 3856 tinent
958 3790 1091 3869 locum,
1125 3791 1172 3856 de

50 3877 276 4060 ,nnn
304 3877 722 4048 inuniunt
742 3875 1172 4046 ..innuunt

47 4044 137 4110 hum
157 4043 594 4138 corpormn,plenlibusque
608 4041 1001 4132 incomprebenfibilium
1017 4042 1168 4110 efficiun·
1265 4093 1273 4112 .

48 4142 125 4203 tur,
149 4149 237 4216 quae
256 4130 622 4228 proptereanelementa
642 4143 830 4230 vocantur,
853 4124 1015 4215 quoniam
1036 4149 1078 4192 ex
1092 4125 1168 4193 illo·

49 4231 129 4284 run
157 4213 327 4280 eoncurlu
356 4231 473 4280 ornus
492 4233 635 4307 corpora
655 4231 818 4303 compotu
837 4226 1035 4280 naturarum
1054 4207 1169 4298 haqui-
