2912 4978
1186 281 1191 314 l

269 205 356 286 82'
561 265 563 270 .
604 208 1055 286 concatenatarum,

275 399 362 487 quae
391 394 474 462 dum
499 395 537 462 in
566 393 745 496 semetipsis
774 399 876 496 plane
902 395 1053 485 integrae
1083 394 1383 499 immutabileaque

274 495 492 569 permanent,
523 499 651 545 moveri
672 495 785 547 tamen
808 483 967 546 dteuotur
988 495 1149 580 quomam
1169 484 1383 548 rationabilia

170 565 173 574 ’
275 561 381 631 animi
411 561 603 630 contuitum
633 566 674 629 ad
706 565 739 628 sc
772 567 976 652 quaerendae
997 564 1285 653 inveniendasque
1305 587 1385 652 pro·

274 661 432 724 movent,
464 661 499 710 et
527 650 569 712 ad
598 647 632 710 ie
660 648 912 713 confiderandae
942 651 1132 732 attrabunt‘3
1157 648 1210 712 ita
1231 664 1272 712 ut
1291 647 1386 736 ipsae

276 734 439 817 damper
459 730 509 806 le,
531 745 571 793 ut
595 729 757 806 diximus,
779 729 1003 805 immutabiles
1019 729 1098 803 [inf.
1121 731 1251 795 moveri
1268 746 1383 796 tamen

275 811 314 878 in
340 812 511 878 mentibus
540 810 729 900 sapientum
747 813 928 879 videantur
949 835 1026 879 cum
1049 835 1102 878 eae
1122 829 1291 880 moveant.
1341 817 1389 878 Et

275 896 383 962 multa
413 895 477 960 alia
497 893 534 959 in
557 898 678 984 quibua
699 897 835 961 divinae
856 894 989 960 virtutis
1015 899 1155 961 obscura
1177 896 1387 983 conspicitur

97 995 101 1002 ’
225 1013 228 1018 ·
275 977 477 1044 similitudo:
498 977 569 1076 ipsa
589 977 681 1044 enim
705 980 750 1044 est
768 982 866 1067 super
879 1001 1014 1044 omnem
1027 979 1291 1054 similitudinem.
1313 1001 1388 1046 om·

274 1083 387 1149 neque
408 1063 541 1126 excelht
562 1064 772 1162 exemplum3
817 1084 880 1127 uae
902 1065 983 1127 dum
1002 1085 1063 1149 per
1082 1065 1133 1138 se,
1158 1079 1193 1127 et
1212 1062 1249 1128 in
1271 1064 1305 1127 se
1321 1061 1387 1127 im·
1432 1139 1438 1153 ⁸

274 1143 484 1211 mutabiliter
505 1147 781 1233 aeternaliterque
827 1161 881 1220 at,
906 1167 1043 1210 movere
1064 1161 1176 1210 tamen
1199 1145 1313 1211 omnia
1336 1145 1387 1210 ‹li-

275 1227 379 1305 citur,
423 1225 561 1293 uoniam
581 1250 643 1314 per
664 1252 758 1304 eam,
781 1244 815 1292 et
835 1229 874 1293 in
895 1249 933 1293 ea
954 1228 1068 1295 omnia
1084 1229 1273 1306 subsistunt,
1297 1244 1332 1294 et
1343 1249 1386 1292 ex

275 1332 360 1378 nona
421 1309 504 1376 ein
535 1311 597 1376 else
627 1315 770 1378 adducta
793 1312 889 1386 sunt3
922 1313 1054 1389 ellendp
1077 1311 1169 1376 enim
1191 1313 1235 1376 est
1257 1311 1388 1386 (omnia

275 1413 358 1461 vero
386 1395 428 1458 de
454 1391 563 1458 nihilo
600 1397 642 1459 ad
664 1396 726 1459 elle
747 1398 948 1481 procedunt)
981 1411 1015 1460 et
1035 1398 1077 1460 ad
1098 1396 1131 1460 se
1153 1394 1266 1460 omnia
1289 1410 1389 1459 attra-

275 1477 344 1543 hit:
366 1475 495 1542 moveri
517 1495 651 1564 quoque
673 1477 818 1553 dicitur,
842 1477 1002 1565 quoniam
1022 1478 1067 1542 sei
1095 1479 1160 1543 sam
1183 1481 1224 1542 ad
1246 1477 1387 1564 seipsam

275 1503 1129 1730 nnteani‘ueneni
1151 1561 1390 1730 mittat

383 1687 391 1706 ·
1116 1690 1125 1719 a

275 1723 380 1799 vitio,
429 1744 464 1789 er
482 1723 626 1812 seipsum
649 1728 784 1801 Motum
809 1743 975 1792 ettamen
998 1750 1109 1815 neque
1123 1729 1238 1792 Moma
1252 1727 1305 1802 est,
1330 1749 1388 1790 ne·

300 1829 343 1871 ue
364 1747 469 1884 Vibo,
490 1829 601 1895 neque
623 1812 739 1884 almon
755 1809 817 1874 ¹sed
836 1812 912 1896 plue
935 1833 1033 1897 quam
1055 1816 1172 1890 Amor,
1194 1813 1270 1896 plue
1285 1833 1389 1897 quam

277 1829 382 1967 iilia,
412 1890 488 1977 plue
511 1911 609 1978 quam
631 1895 769 1957 Motuet
800 1908 834 1956 et
855 1895 981 1981 ell‘per
1001 1893 1144 1980 seipsum
1167 1896 1303 1967 Amare,
1334 1893 1390 1957 Vi·

280 1975 380 2048 dere,
402 1975 558 2039 Movere:
580 1997 644 2041 nec
665 1990 776 2040 tamen
800 1975 844 2039 est
864 1999 924 2062 per
937 1977 1078 2063 seipsum
1096 1982 1232 2054 Amare,
1255 1975 1388 2052 Videre,

278 2059 437 2132 Movere3
471 2057 550 2144 quia
580 2058 624 2120 eil
651 2061 728 2144 plue
755 2081 855 2146 quam
885 2063 1022 2136 Amare,
1055 2059 1196 2135 Videre,
1229 2059 1391 2124 Moverea

278 2137 362 2206 item
383 2161 443 2226 per
464 2139 509 2202 sei
536 2141 607 2206 sum
627 2140 738 2205 amari
760 2142 827 2216 estc
844 2142 1043 2228 Viderique,
1065 2142 1286 2228 Moverique3
1313 2163 1389 2208 uon

244 2295 250 2308 ι
280 2237 394 2288 tamen
422 2243 484 2310 per
508 2165 652 2310 ieipsum
675 2225 807 2289 Moveri
831 2225 891 2300 eil,
923 2248 987 2289 nec
1009 2225 1137 2299 videri,
1171 2248 1236 2291 neo
1255 2225 1391 2310 Amari3

280 2305 443 2393 quoniam
462 2305 539 2390 plus
561 2307 605 2370 est
625 2330 724 2394 quam
745 2323 785 2371 ut
804 2307 903 2394 poffit
923 2309 1044 2385 almari,
1066 2325 1101 2372 et
1111 2307 1237 2384 videri,
1261 2325 1295 2372 et
1311 2311 1390 2372 Μο-

279 2387 386 2456 veri.‘
407 2389 512 2470 amar
532 2387 636 2476 igitur
664 2390 805 2477 seipsum
829 2406 863 2454 et
883 2407 1011 2455 amatur
1032 2413 1049 2455 a
1070 2392 1194 2478 seipso,
1230 2391 1266 2455 in
1288 2391 1390 2456 nobie

280 2485 316 2535 et
336 2470 373 2535 in
395 2470 520 2557 seipso=
543 2493 607 2536 nec
626 2488 739 2537 tamen
763 2490 851 2537 amat
869 2474 1031 2560 seipsum,
1065 2496 1129 2539 nec
1151 2491 1317 2538 amatura
1341 2475 1389 2538 se·

278 2549 373 2641 ipso,
395 2551 432 2618 in
455 2551 553 2619 nobie
576 2555 666 2620 etin
688 2556 816 2654 seipso:
837 2559 893 2621 sed
914 2559 990 2642 plue
1013 2580 1112 2656 quam
1134 2573 1223 2622 amat
1244 2573 1278 2620 et
1298 2579 1387 2622 ama-

280 2651 337 2700 tur
364 2635 402 2700 in
430 2638 530 2702 nobie
562 2653 596 2702 et
624 2637 662 2704 in
694 2640 810 2725 serpso.
853 2639 954 2705 Videt
985 2642 1124 2727 seipsum
1156 2656 1190 2704 et
1210 2639 1349 2705 videtur
1369 2662 1390 2704 a

281 2717 406 2805 seipso,
437 2717 475 2805 in
504 2720 609 2808 seipso
633 2738 667 2786 et
680 2723 724 2786 in
744 2720 878 2787 nobiatf
896 2745 961 2787 nec
983 2739 1094 2788 tamen
1115 2721 1211 2788 videt
1230 2723 1386 2810 seipsum,

279 2823 346 2867 nec
366 2802 503 2886 videtur
522 2827 541 2868 a
564 2803 686 2893 seipso,
708 2801 745 2869 in
756 2805 861 2892 seipso
877 2821 911 2869 et
921 2805 957 2870 in
971 2807 1087 2882 nobia;
1111 2807 1188 2893 quia
1224 2809 1275 2870 lua
1287 2829 1389 2893 quam

278 2885 391 2962 videt,
415 2902 450 2950 et
468 2887 604 2952 videtur
623 2888 659 2952 in
681 2887 786 2976 seipso
809 2904 843 2952 et
861 2887 898 2952 in
919 2890 1029 2955 nobie.
1059 2892 1177 2953 Movet
1190 2830 1333 2975 idipsum
1355 2905 1396 2980 et¹

232 3025 242 3044 ,
280 2985 438 3035 movetur
458 2993 477 3036 a
497 2971 620 3056 seipso,
646 2971 682 3034 in
704 2970 810 3057 seipso
833 2988 867 3036 et
882 2971 919 3035 in
930 2974 1049 3048 nobia;
1069 2994 1134 3038 nec
1146 2989 1258 3037 tamen
1273 2989 1391 3038 movet

281 3048 449 3150 seipsum,¹
475 3075 541 3117 nec
565 3069 721 3117 movetur
751 3075 770 3118 a
800 3055 905 3140 seipso
935 3053 971 3120 in
1001 3057 1045 3120 sei
1072 3057 1125 3128 so,
1163 3071 1197 3119 et
1217 3055 1254 3119 in
1274 3056 1388 3131 nobie,

288 3155 368 3219 quaa
398 3135 476 3221 plue
497 3157 596 3220 quam
616 3151 733 3202 movet
753 3152 788 3201 et
807 3153 963 3202 movetur
981 3138 1019 3203 in
1040 3081 1144 3226 idipso
1166 3135 1257 3203 etin
1278 3139 1390 3204 nobis.

349 3225 403 3314 ⁷8:
425 3219 471 3280 Et
490 3218 573 3281 haee
594 3219 637 3280 est
658 3235 755 3284 cauta
779 3236 812 3284 et
832 3221 1036 3318 salutariter
1056 3221 1230 3287 catholica
1253 3225 1389 3320 de'Deo

283 3299 788 3458 lill‘bltltlldlrll
806 3304 1392 3466 tll'dtrtltlissfilictia

283 3461 361 3527 liter
397 3464 645 3550 praedicemur,
683 3489 755 3533 uon
785 3484 897 3536 tamen
925 3471 1061 3560 proprie
1089 3473 1146 3536 sed
1176 3470 1390 3536 translative:

283 3545 409 3612 deinde
436 3563 476 3612 ut
509 3550 622 3616 omnia
642 3573 727 3638 quae
748 3555 790 3617 de
808 3557 883 3620 Deo
904 3556 1141 3642 praedicantur
1160 3576 1221 3640 per
1240 3553 1392 3619 catafati-

183 3672 188 3682 -
283 3649 376 3706 cam,
400 3653 478 3697 eum
500 3634 563 3698 elle
582 3655 745 3722 negemus
766 3659 826 3724 per
847 3639 1067 3724 apofaticam,
1089 3638 1127 3704 id
1148 3637 1216 3712 eli,
1236 3635 1391 3724 negatio·

281 3727 379 3790 nem,
401 3737 473 3780 nou
493 3731 605 3784 tamen
629 3717 764 3806 proprie
786 3721 842 3784 sed
861 3721 1075 3800 translativ03
1097 3719 1209 3787 veritae
1225 3719 1316 3786 enim
1330 3742 1390 3785 ne·

283 3811 382 3884 gatur
411 3798 504 3864 aliud
523 3822 658 3879 eorum,
689 3824 774 3889 quae
795 3805 838 3867 de
857 3825 898 3868 eo
917 3805 1153 3891 praedicantur
1175 3805 1255 3880 else,
1286 3825 1390 3891 quam

284 3877 465 3945 affirmatur
485 3884 565 3956 ellel
598 3885 722 3952 deinde
742 3885 840 3972 super
862 3907 964 3952 omne
985 3893 1077 3975 quod
1098 3893 1139 3955 de
1161 3909 1199 3954 ea
1218 3887 1389 3975 praediea·

283 3973 354 4035 tur,
387 3963 661 4050 superessentialia
687 3983 825 4044 natura,
858 3990 944 4056 quae
972 3971 1087 4038 omnia
1117 3987 1223 4047 creat,
1259 3985 1294 4036 et
1313 3991 1387 4038 uon

283 4059 432 4122 creatur,
469 4047 780 4135 supereffentialiter
798 4051 1062 4138 superlaudanda
1084 4059 1136 4124 est.
1180 4057 1282 4142 Quod
1304 4077 1341 4120 er

281 4127 375 4196 Deua
387 4131 528 4200 verbum
541 4154 618 4201 caro
634 4136 761 4204 sactum
775 4133 841 4204 suia
854 4133 1029 4227 diruputia
1048 4141 1114 4219 tit;
1136 4163 1201 4217 nott
1215 4161 1288 4207 oea
1302 4077 1389 4230 esici

1161 4237 1167 4268 l
