2930 4982
265 249 269 260 '
302 237 398 312 482
638 243 692 312 lle
713 241 895 311 wuronc
914 239 1089 310 Numae.

302 447 390 500 rann,
420 429 454 490 in
482 429 559 491 uita
583 425 760 506 videlicet,
792 429 872 510 pitia
894 439 929 490 et
947 417 1171 520 perseipsum
1190 429 1270 490 vito
1290 424 1338 520 efl
1360 426 1407 492 di·

301 514 383 576 vino
401 513 493 588 vita,
514 511 633 574 vitalis
653 523 688 580 ct
706 505 952 602 substantiolis,
978 518 1012 574 bt
1032 514 1135 574 omnis
1154 513 1246 581 uita,
1269 525 1303 574 ct
1321 513 1407 576 vito·

301 598 345 659 lis
373 607 481 658 motus
510 617 554 658 au
581 598 656 658 vita
684 592 774 698 ipsa,
800 615 891 680 ,φιαο
917 592 966 684 est
976 589 1083 686 super
1102 617 1226 659 omnam
1246 596 1352 658 vitam
1375 609 1408 658 et

296 701 393 746 ‚omna
419 680 619 762 principium
650 691 755 744 tortus
779 682 896 744 vitae.-
923 702 966 742 σε
990 674 1065 772 ipsa
1087 691 1122 740 et
1143 682 1272 742 animae
1289 679 1411 742 babent

273 761 524 842 -mperdibile,
553 775 589 826 et
613 763 772 828 animalia
803 765 913 828 omnia
942 775 977 834 ct
996 765 1144 844 ganardo
1155 761 1336 856 sacrandum
1357 785 1411 828 no·

299 843 460 938 viffimam
482 840 728 944 consonantiam
748 850 878 911 animoa
897 847 1019 910 babent
1037 850 1161 909 vivere.
1196 847 1408 948 Qraaablato,

224 983 232 1008 ,
298 944 369 994 tam
387 932 535 1012 generati
552 929 712 996 videlicet
729 934 806 995 vita
825 931 1069 1022 qrmmspacioli
1085 926 1409 1021 etfingraiuii,juxta
1448 987 1449 990 ,

300 1016 458 1098 cloquium
473 1013 591 1104 daficit
604 1017 680 1078 vita
694 1017 852 1082 omnisad
861 1029 993 1087 terram,
1004 1015 1094 1078 etde'
1115 1007 1413 1096 ctenrtaad‘partt'

299 1098 479 1181 cipandum'
489 1098 806 1186 caminfirmltatam,
823 1101 1064 1165 iterumconoer
1080 1107 1112 1171 a,
1123 1101 1243 1162 iteruin
1251 1099 1411 1162 animalia

243 1189 245 1198 ⁴
290 1181 394 1272 fiunt.
436 1185 474 1246 ln
507 1180 629 1280 quibua
657 1181 769 1246 verbis
798 1181 940 1268 praelati
967 1181 1136 1270 Theologi
1158 1201 1228 1246 non
1248 1182 1411 1246 resurrcc·

299 1265 429 1332 tionem
463 1263 660 1329 annualium
690 1265 995 1340 irrationabilium,
1030 1266 1087 1330 seu
1108 1287 1218 1329 rerum
1241 1265 1340 1329 lanso
1362 1285 1410 1329 ea·

296 1348 447 1414 rentium
466 1347 737 1417 restaurationem
760 1349 795 1412 in
818 1347 974 1435 pristinae·
991 1347 1118 1434 speciea
1160 1347 1412 1494 uantitateaapuc

297 1431 421 1532 quibua
442 1434 590 1496 rotandua
610 1431 669 1495 ille
689 1431 869 1532 impletur,
905 1431 1052 1499 futuram
1075 1371 1317 1516 intiiligimua;
1371 1433 1410 1495 ed

297 1539 337 1580 an
370 1515 482 1580 causat
511 1515 584 1580 suaa
614 1537 655 1596 ex
686 1519 808 1602 quibua
841 1517 1033 1602 procedunt
1055 1512 1145 1579 et'in
1169 1515 1292 1605 quibua
1314 1514 1412 1578 subb-
1448 1539 1449 1576 t

184 1599 185 1606 '
296 1599 388 1663 stunt
407 1597 555 1663 reditum
576 1599 639 1662 elle
659 1589 824 1664 futurum.
867 1597 946 1663 Nou
972 1599 1060 1662 enirn
1085 1597 1170 1661 dixit
1191 1597 1344 1662 divinam
1362 1597 1411 1660 vi-

296 1697 366 1748 tam
389 1681 559 1768 angelicae
580 1681 790 1762 solummodo
805 1693 847 1745 ‘et
867 1683 1054 1757 humanae,
1087 1684 1154 1744 hoc
1177 1680 1236 1754 est,
1259 1679 1413 1746 intellec·

297 1762 397 1830 tualia
426 1781 460 1830 et
486 1764 660 1831 rationalia
690 1767 780 1829 vitae
812 1766 943 1829 caulam
973 1765 1053 1837 css‘e,
1088 1765 1146 1828 red
1176 1763 1414 1828 universaliter

297 1847 409 1914 omnia
430 1848 532 1913 vitae,
575 1847 697 1914 Omnia
719 1864 831 1914 autem
853 1846 923 1912 vita
946 1861 1003 1910 aut
1023 1845 1196 1912 rationalia
1220 1848 1282 1920 est,
1311 1847 1411 1910 utin

273 1923 275 1934 '
296 1931 524 2019 superioribus
545 1929 639 1996 libris
662 1932 797 2020 copiose
820 1929 1066 2017 disputavimus
1080 1945 1171 2006 ,aaut
1187 1929 1411 2005 irrationalia,
1448 1983 1449 1988 ,

175 2051 188 2076 κ
297 2030 357 2080 aut
382 2013 548 2078 nutritiva
574 2015 754 2103 cot-porum
784 2031 818 2078 et
848 2013 975 2097 activa'3
1003 2017 1070 2080 hoc
1099 2011 1144 2076 est
1167 2030 1226 2077 aut
1246 2014 1413 2100 angelica,

195 2154 201 2166 .
296 2111 357 2162 aut
377 2099 542 2172 bumana,
566 2113 625 2162 aut
639 2096 819 2171 animalia,
843 2114 901 2162 aut
923 2097 1018 2160 lenlu
1039 2095 1251 2162 carentiumr
1274 2110 1315 2159 ut
1337 2097 1415 2160 lunt

240 2193 241 2200 ’
294 2179 390 2267 ligna
417 2197 453 2245 et
478 2183 619 2256 herbae,
651 2196 830 2268 ceteraque
859 2179 975 2244 limilia
1005 2180 1040 2243 iu
1071 2179 1194 2267 quibua
1225 2179 1340 2246 vitalia
1366 2179 1414 2244 fo·
1448 2181 1449 2250 J

275 2265 471 2338 ‚lummodo
502 2280 616 2329 motata
645 2281 812 2352 operatur.
854 2266 903 2329 Ac
934 2283 994 2350 per
1015 2267 1082 2327 hoc
1102 2283 1172 2328 non
1196 2266 1238 2330 dc
1260 2264 1330 2328 sola
1352 2265 1413 2326 hu·
1448 2313 1449 2318 1

295 2367 395 2412 mana
426 2346 514 2422 vita,
545 2348 603 2413 [ed
635 2352 677 2415 dc
707 2345 864 2413 omnibua
921 2345 1078 2410 raedictia
1100 2346 1191 2410 vitae
1214 2345 1411 2433 speciebua3

295 2451 361 2496 nec
382 2433 424 2494 dc
447 2430 645 2518 corporibua
666 2431 875 2496 solummodo
896 2369 1079 2503 Eumania,
1103 2429 1159 2493 led
1185 2433 1227 2493 de
1249 2429 1413 2494 omnibua
1448 2487 1449 2498 ,

296 2535 382 2599 quae
404 2512 539 2598 spiritua
551 2514 642 2580 vitab
657 2529 803 2600 vegetat,
827 2511 982 2578 divinum
998 2511 1200 2610 pronuntiat
1217 2512 1413 2600 eloquium}

195 2618 206 2682 J
293 2592 437 2686 Auferes
446 2596 612 2684 spiritum
633 2621 761 2672 corum,
784 2610 819 2661 at
837 2597 996 2688 deficient
1017 2609 1051 2658 et
1073 2601 1107 2659 iu
1127 2597 1296 2680 pulverem
1310 2591 1413 2690 suunt
1448 2603 1449 2614 ¹

294 2685 509 2747 revertemur.
555 2675 657 2748 Nulla
680 2679 772 2746 enim
793 2679 863 2743 vita
879 2681 936 2746 seu
954 2677 1144 2756 rationalia,
1169 2680 1226 2743 scu
1241 2679 1413 2752 animalia,

294 2762 352 2826 leu
375 2759 540 2840 nutritiva
562 2764 640 2842 diu,
676 2780 716 2828 ut
737 2785 781 2829 ne
805 2762 915 2828 dicam
929 2761 1003 2827 dem
1032 2785 1081 2836 er,
1120 2763 1360 2849 corruptibilia
1383 2777 1417 2826 et

293 2847 448 2912 mortalia
470 2865 610 2935 corpora
630 2845 804 2912 vivificare
824 2861 858 2909 et
877 2844 1004 2910 admini
1049 2847 1239 2931 arepotestt
1262 2845 1416 2934 ideoque

293 2929 436 3006 deserit,
457 2941 565 3018 taque
588 2930 759 2995 deserente
782 2929 943 2993 deficient
965 2949 1105 3026 corpora
1128 2945 1161 2993 ct
1182 2929 1217 2992 in
1233 2932 1415 3014 pulverem

290 3015 388 3080 luunt
408 3028 629 3078 revertentur.
671 3017 717 3076 Et
737 3017 804 3078 boc
825 3011 869 3077 cst
890 3015 982 3098 quod
1004 3027 1068 3076 art:
1099 3015 1149 3077 Et
1169 3011 1351 3106 deficient,
1377 3013 1413 3076 id

292 3095 337 3160 cst
365 3095 522 3161 animalia
544 3112 578 3161 et
599 3095 750 3184 gramina
773 3097 815 3159 ad
837 3093 1111 3194 participandum
1134 3117 1205 3160 earu
1228 3095 1413 3162 infirmita·

290 3194 377 3263 tem3
406 3200 478 3244 aton
502 3179 594 3245 enim
619 3181 748 3267 [emper
768 3177 971 3266 participare
992 3176 1098 3243 vitam
1118 3180 1271 3265 poliunt,
1306 3203 1412 3268 prop·

291 3276 342 3326 ter
373 3262 646 3349 corruptibilium
667 3279 947 3349 terrenorumque
970 3259 1149 3348 corporum
1173 3260 1413 3328 infirmitatem

291 3359 326 3409 et
341 3344 572 3432 fragilitatem.
616 3345 787 3410 Naturalia
809 3360 922 3408 autem
945 3343 1102 3430 operatio·
1119 3343 1209 3412 vitae
1230 3345 1268 3410 in
1287 3367 1412 3435 corpo·

289 3426 384 3493 ribus
417 3427 483 3494 five
512 3453 549 3494 ea
579 3433 728 3516 regendo
758 3429 824 3492 five
864 3428 1047 3492 deserendo
1069 3429 1111 3492 ad
1131 3443 1320 3495 creatorem
1347 3453 1412 3496 orn·

289 3509 389 3578 nium
413 3515 574 3588 refertum
606 3527 784 3599 propterea
815 3508 918 3585 dicit;
957 3508 1090 3600 artferas
1107 3509 1264 3604 spiritum
1287 3535 1411 3586 conon,

287 3615 359 3660 non
383 3600 474 3682 quod
493 3599 588 3660 Deus
612 3597 742 3660 auferat
757 3591 912 3692 spiritum
925 3593 1027 3659 ulliua
1045 3595 1215 3682 corporis,
1241 3595 1302 3682 scd
1318 3601 1410 3686 quod

289 3679 415 3742 desinat
437 3679 571 3766 spiritua
594 3676 871 3766 corruptibilibus
893 3677 1090 3766 corporibus
1113 3694 1271 3765 gravatua
1294 3683 1344 3747 ab
1368 3679 1409 3746 eia

289 3759 450 3827 deficient
472 3766 515 3827 ad
550 3778 715 3848 tempua„
735 3760 772 3827 in
810 3761 953 3826 eandem
979 3759 1346 3850 incorruptibilitatem
1383 3781 1410 3830 et

288 3844 305 3905 f
325 3844 556 3910 iritualitatem
586 3845 746 3911 converso
775 3843 900 3908 iterum
920 3843 1066 3909 naturali
1093 3861 1190 3911 motu
1210 3849 1407 3914 reversuriu

197 3994 201 4004 ,
288 3867 392 4012 (guod
421 3931 512 3994 enim
543 3925 591 3994 eia
620 3927 843 4014 congenitum
876 3926 921 3992 est
950 3926 988 3992 iu
1016 3931 1111 3994 hunc
1140 3933 1315 3998 mundum
1339 3954 1408 3998 nou

286 4010 421 4095 poliunt
443 4013 572 4098 [emper
594 4012 762 4090 deserere,
784 4013 842 4076 led
862 4013 1067 4099 quandoque
1089 4011 1188 4077 buito
1205 4019 1345 4082 mundo
1364 4037 1407 4080 re-

286 4090 434 4180 cipient,
465 4099 545 4160 dum
575 4094 611 4159 in
645 4096 748 4161 cauba
769 4096 862 4185 quod
883 4093 970 4193 tegit
991 4109 1025 4159 at
1046 4099 1138 4184 quod
1160 4095 1309 4184 tegitur,
1351 4097 1407 4166 uai-

216 4183 218 4194 ‘
281 4176 383 4244 rabili
415 4181 558 4265 quadarn
587 4177 763 4290 barmonip
790 4184 899 4246 uirum
925 4177 1145 4265 inseparabile
1171 4179 1334 4248 futurum
1358 4185 1402 4248 fit.
