2854 4978
363 259 369 290 ¹
483 269 591 350 Met·
614 266 771 352 sessim·
1108 273 1185 352 m
1236 341 1242 352 .

76 459 204 526 theoria
233 457 454 550 impuratus,
481 458 570 524 aaut
588 458 707 528 muns
727 457 871 535 meost,
890 457 932 526 sn
949 459 1051 528 extra
1070 460 1190 530 factm

76 541 166 622 inim
196 545 271 632 quis
299 544 392 608 enim
420 543 580 619 rudium,
613 559 648 609 et
666 545 822 610 nondum
843 543 1111 612 sublimissimum
1132 547 1184 614 so·

6 645 7 650 ’
73 629 175 717 plaiae
199 627 362 693 verticem
384 627 654 710 ascendentium,
685 629 765 694 talia
786 627 958 715 cogitans,
989 630 1116 696 mentis
1135 629 1184 696 fe·

72 714 195 782 celsum
222 733 295 778 non
323 710 499 800 patiatur?
532 714 710 777 Aeternam
741 731 962 778 numerorum
991 729 1183 781 screatore

71 795 228 862 omnium
255 794 437 862 immortali
466 793 607 861 audiens
627 794 889 872 'conditionem
927 800 1183 886 eorundemque

69 879 313 966 processionem
334 879 372 945 in
394 899 534 967 genera,
556 893 591 944 et
610 876 756 967 species,
777 879 816 944 in
838 878 961 968 quibus
974 879 1048 945 lieri
1064 880 1183 948 dicun·

69 979 144 1039 tur,
181 962 344 1050 qnoniam
374 961 412 1028 in
434 962 482 1028 eis
505 964 547 1027 ab
567 962 798 1028 intellectibus
814 963 997 1114 patiuntur
1016 961 1182 1052 intelligis

69 1045 196 1111 deinde
216 1047 253 1110 in
273 1059 430 1112 naturam
449 1045 685 1112 rationabilem
708 1047 810 1112 secun
837 1045 1011 1112 amreluti
1029 1067 1184 1135 procrea·

65 1129 215 1206 tionem,
247 1129 409 1228 qnoniam
436 1127 473 1194 in
503 1151 541 1194 ea
569 1131 642 1196 suas
668 1129 813 1195 virtutes
833 1130 1039 1196 manifestius
1061 1149 1182 1218 propa·

65 1229 170 1300 gant3
209 1214 333 1278 deinde
369 1215 407 1278 ln
435 1212 599 1280 memoria
627 1213 840 1301 sensibusque
869 1215 1076 1302 pharisaea,
1109 1213 1182 1282 imo

65 1297 172 1362 etiam
200 1296 458 1383 theophaniam,
494 1317 596 1362 omne
623 1296 716 1363 enim
745 1301 839 1385 quod
866 1321 907 1362 ex
927 1313 1047 1363 natura
1066 1319 1183 1366 rerum

63 1377 101 1445 in
129 1380 298 1446 memoria
323 1383 488 1446 formatur
515 1379 704 1446 occasiones
731 1403 772 1446 ex
799 1386 874 1447 Deo
899 1385 1023 1448 habere
1042 1401 1115 1447 non
1136 1381 1183 1447 est

64 1463 311 1539 dubitandum,
347 1467 494 1551 quodam
521 1467 625 1530 modo
653 1463 727 1530 lieri
754 1485 827 1530 non
856 1468 899 1530 de
926 1464 991 1530 alia
1027 1466 1180 1543 materia,

62 1547 120 1614 sed
150 1551 197 1612 de
224 1546 405 1635 semetipsas
435 1547 529 1614 sacti.
571 1550 673 1613 Nunc
692 1557 773 1614 vero
794 1547 905 1614 veluti
924 1549 1181 1636 expergefactae

60 1629 97 1696 in
120 1651 181 1696 me
202 1629 313 1718 ipsum
334 1631 487 1708 rediens,
510 1631 750 1719 interiorisque
770 1631 910 1697 luminis
930 1632 1062 1697 radium
1084 1633 1182 1714 lucu·

61 1714 191 1780 lentius
219 1713 444 1802 perspicient,
476 1737 515 1781 ea
544 1736 630 1801 quae
656 1738 675 1781 a
705 1729 739 1780 te
761 1715 952 1780 dictasunt
973 1733 1180 1803 cognoscere
1268 1713 1270 1720 ’

60 1793 221 1886 incipiet
240 1798 372 1863 conaris
398 1799 508 1877 enim,
529 1815 571 1862 ut
592 1797 729 1886 opinor.
751 1799 905 1876 suadere,
929 1820 1047 1865 omncs
1062 1821 1181 1865 nume·

60 1903 113 1947 ros
135 1903 183 1946 ex
203 1885 350 1947 monade
370 1881 479 1947 veluti
500 1903 542 1948 er
563 1886 709 1969 quodam
730 1881 828 1948 sonte
849 1899 1046 1959 manantes,
1079 1882 1180 1950 instat

60 1967 212 2031 duorum
241 1965 422 2031 fluminum
450 1988 490 2030 ex
517 1989 587 2031 una
613 1988 702 2031 vena
728 1966 956 2054 surgentium,
989 1969 1176 2056 profluere3

59 2048 171 2137 inque
201 2049 286 2113 duos
310 2051 421 2122 alveos
441 2051 650 2138 segregatos,
682 2071 828 2150 quorum
847 2071 938 2116 unus
958 2073 1019 2137 per
1039 2051 1179 2118 interio-

58 2155 108 2196 res
129 2151 238 2220 poros
259 2146 417 2208 naturae,
439 2137 507 2199 boc
528 2135 589 2211 est,
612 2155 674 2281 per
694 2137 918 2209 intellectum,
941 2149 976 2198 et
990 2134 1176 2212 rationemt

59 2217 143 2282 alter
173 2236 256 2281 vero
281 2237 344 2305 per
373 2218 553 2283 exteriores
574 2217 610 2282 vi
635 2216 757 2283 biliam
778 2239 890 2284 rerum
912 2217 1039 2304 species
1062 2220 1178 2284 decur-

58 2322 151 2377 rere,
183 2313 218 2362 et
249 2301 444 2385 persensus
465 2304 575 2367 donee
595 2302 692 2366 fimul
712 2301 750 2367 in
765 2301 969 2368 memoriam
990 2304 1176 2381 confluant,

57 2381 94 2453 ia
116 2403 188 2472 qua
211 2382 448 2471 multipliciter
467 2385 665 2451 sonnantur.

120 2483 175 2546 13.
198 2467 266 2531 Sed
286 2471 458 2554 quomodo
481 2491 533 2534 ree
555 2468 786 2568 incorporeae,
806 2483 840 2534 et
860 2488 932 2535 non
948 2466 1054 2534 solnm
1072 2467 1177 2536 asen-

58 2551 170 2627 ssbus,
191 2571 319 2616 uerum
340 2552 441 2616 etiam
459 2574 501 2618 ex
520 2574 702 2628 masmana,
735 2553 896 2640 omnique
917 2552 1174 2651 imaginatione,

57 2657 138 2721 prae
162 2633 270 2698 nimia
290 2636 369 2700 suae
387 2653 529 2701 naturae
552 2636 769 2712 excellentia,
800 2652 967 2712 remotae,
990 2659 1027 2700 tn
1049 2659 1175 2702 memo·

45 2720 105 2798 'ria
126 2719 343 2794 sensibusve,
359 2722 426 2784 hoc
448 2721 510 2796 est,
533 2717 569 2784 in
592 2719 798 2806 imaginibus
820 2719 1074 2806 visibilibusque
1091 2721 1176 2808 figu-

56 2804 100 2868 ris
120 2801 237 2866 veluti
257 2801 458 2890 quibusdam
481 2803 678 2890 corporibus
699 2801 824 2890 poffint
842 2825 1016 2889 apparere,
1040 2823 1112 2867 non
1128 2805 1177 2868 sa·

57 2886 99 2952 tis
123 2883 243 2950 video.
285 2886 334 2950 M.
357 2889 434 2951 Hoc
455 2895 526 2951 un'o
549 2889 703 2972 exemplo
724 2902 836 2951 totam
852 2901 886 2950 te
900 2886 1175 2972 intelligeresen·

57 2970 128 3046 tio,
160 2968 210 3033 lta
232 2967 341 3045 enim,
367 2986 405 3033 ut
428 2968 554 3046 dixisti,
577 2993 617 3034 ex
636 2973 784 3034 monade
805 2970 1115 3047 numerimanant,
1140 2986 1176 3036 et

55 3053 92 3118 in
105 3051 274 3119 memoria
287 3054 483 3118 confluuntt
500 3056 542 3119 de
556 3068 596 3118 eo
610 3069 723 3118 autem
733 3055 826 3139 qnod
835 3074 906 3118 non
917 3052 994 3117 satis
1006 3053 1111 3129 vides,
1122 3075 1175 3120 ac-

56 3137 135 3224 cipe
158 3139 252 3223 quod
273 3136 399 3212 sentio;
434 3137 451 3199 s
473 3136 659 3202 iritualiurn
679 3159 793 3202 rerum
814 3139 935 3201 natura
955 3137 1003 3200 ita
1024 3152 1174 3203 contem-

55 3219 270 3306 plationibus
291 3220 417 3285 mentis
453 3221 645 3298 uocumbit,
667 3237 708 3286 ut
727 3243 788 3306 per
808 3221 936 3306 singula
959 3223 1001 3286 de
1022 3221 1174 3308 hisquae

57 3307 98 3368 de
123 3325 182 3380 ea,
205 3303 260 3368 vel
284 3303 321 3368 in
343 3325 400 3379 ea,
421 3307 478 3368 vel
499 3327 561 3394 per
582 3327 655 3369 eam
670 3319 897 3392 peraguntur,
919 3303 1088 3371 rationem
1099 3308 1175 3370 red·

58 3389 199 3472 damus3
228 3389 335 3453 multa
357 3386 507 3454 enimin
530 3410 569 3452 ea
588 3389 699 3454 solent
718 3410 896 3488 apparere,
926 3409 1012 3474 quae
1032 3409 1104 3454 non
1127 3389 1173 3454 se·

55 3473 211 3536 cundum
241 3469 414 3557 cognitas,
441 3472 496 3534 vel
524 3470 718 3559 incognitas
739 3474 840 3559 rpfius
861 3473 893 3536 le
918 3494 971 3548 es,
1005 3474 1063 3537 sed
1085 3475 1173 3538 ultra
1273 3494 1280 3504 ·

56 3575 197 3622 omnem
214 3553 324 3640 legem
347 3552 465 3619 divina
483 3555 661 3619 voluntate
681 3577 768 3644 quae
787 3555 882 3619 nulla
895 3493 977 3654 iege
997 3553 1173 3620 concludi·
1216 3583 1219 3594 ·

55 3651 129 3714 tur,
155 3638 201 3701 est
220 3637 313 3702 enim
332 3637 388 3700 lex
406 3638 522 3725 legum
544 3652 580 3702 et
598 3638 686 3704 ratio
703 3638 887 3714 rationum,
908 3637 1057 3702 mirabili
1076 3636 1173 3702 etiu-

56 3719 186 3786 effabili
205 3723 311 3786 modo
331 3721 432 3786 fiunt.
476 3717 563 3807 Quis
589 3719 682 3787 enim
704 3721 873 3786 rationem
892 3719 1001 3806 potest
1019 3721 1171 3798 reddere,

54 3803 335 3892 fiinterrogatus
365 3801 487 3880 suerit,
541 3807 692 3870 uomodo
719 3804 831 3869 anima
851 3803 976 3886 Moysis
996 3801 1173 3871 vilibiliter

55 3885 216 3986 apparuit
252 3890 388 3974 quando
423 3825 675 3953 oansbrmatio
706 3886 839 3953 domini
865 3887 955 3952 facta
985 3886 1039 3956 est.
1091 3889 1171 3954 Non

56 3991 151 4036 enam
172 3970 335 4038 audiendi
356 3971 435 4036 sunt
453 3971 492 4036 hi
512 3971 573 4058 qui
592 3985 718 4059 putant
737 3992 817 4036 eum
838 3973 881 4036 ad
900 3985 1034 4059 tempus
1046 3969 1084 4038 in
1098 3991 1172 4038 cor·

54 4074 140 4142 pore
167 4055 393 4131 resurrexisse,
417 4068 459 4117 ut
483 4055 580 4121 simul
613 4075 694 4122 cum
712 4053 805 4132 Elia,
837 4052 875 4120 in
896 4069 1014 4122 moute
1033 4054 1171 4122 visibili·

55 4153 127 4214 ter,
155 4159 228 4204 non
248 4161 310 4226 per
330 4140 364 4203 se
384 4137 515 4214 anima,
538 4140 596 4204 sed
616 4139 655 4206 in
675 4141 736 4205 sno
757 4157 899 4226 corpore
918 4153 1112 4228 appareret,
1135 4152 1171 4204 et

54 4217 246 4325 iterumad
265 4224 481 4310 sepulchrum
498 4221 652 4314 rediisset
672 4223 750 4314 quit
772 4241 857 4313 ergo
873 4221 1026 4293 dicturas
1040 4223 1087 4290 sll
1102 4241 1169 4312 qua
