2942 4976
304 215 399 294 ‘664
458 211 470 307 ¹,
645 173 1096 294 vallembonam.

322 404 518 510 torquendia
540 409 654 473 locum
674 411 882 496 praebentes.
924 409 977 472 lle
996 427 1066 494 quo
1086 422 1121 471 et
1141 406 1179 472 iu
1203 407 1398 508 superioribus

305 494 414 560 rlibrta
442 490 679 566 tractavimus,
715 507 750 556 et
776 511 871 558 nuuc
898 489 1020 556 iterum
1056 489 1302 559 iu-mentonam
1319 515 1396 560 reve

321 592 435 642 cantet
456 574 602 640 breviter
621 574 816 661 repetitum.
860 572 1006 660 Quidam
1028 572 1119 639 euim
1140 575 1158 637 l
1179 574 1295 650 auum,
1324 581 1398 664 quoi

320 663 401 726 luna
421 658 571 760 segregat
593 679 612 722 a
634 673 746 734 terra,
759 673 1004 724 tormentorum
1013 595 1323 722 toccffiifitumn
1342 660 1401 746 quit

321 747 396 810 dam
428 742 624 808 infertorem
645 740 1016 829 corpulentioremque,
1039 743 1236 814 umbrarum
1256 763 1397 828 capacem,

318 824 484 912 tertioque
503 823 715 912 proximam,
739 823 880 912 praelati
900 823 1018 924 spatii,
1040 827 1133 912 quod
1155 825 1238 890 aeri·
1257 827 1397 891 vocabulo

317 924 553 996 nuncupatur,
608 923 727 974 artemt
760 907 896 996 quidam
917 907 1056 974 tntimoe
1077 909 1204 974 tellurie
1226 909 1325 981 lium,
1353 930 1397 972 vc·

318 993 384 1059 luti
405 992 566 1080 profundi
605 1014 658 1058 ma
681 1008 715 1056 et
736 989 928 1080 ampliffima
951 1007 1063 1066 antra,
1099 991 1398 1078 denliffimarumqut

317 1093 488 1246 {ltetgt}
516 1074 1399 1246 tltllellt'trellil‘llfit‘t‘lttt

317 1259 408 1318 tate,
431 1264 495 1332 qua
518 1240 732 1318 ceciderunt,
754 1183 858 1329 inquio
880 1263 996 1309 eorum
1016 1183 1094 1306 litu
1111 1257 1146 1306 et
1159 1242 1284 1316 forma,
1303 1261 1400 1305 nume

316 1347 423 1413 reque
444 1329 670 1392 membrorum
689 1326 928 1401 resurrectura,
951 1329 1138 1414 eodemque
1150 1326 1289 1390 omniuo
1304 1327 1398 1398 modo,

317 1429 386 1500 quo
413 1409 449 1475 in
477 1412 541 1475 bac
573 1407 643 1474 vita
664 1409 798 1486 uixere,
831 1410 944 1475 futura
963 1409 1180 1498 praedicant;
1211 1419 1252 1473 eb
1272 1421 1400 1493 excepto,

316 1495 409 1582 quod
431 1496 474 1559 de
494 1492 690 1560 mortalibua
713 1492 1019 1581 temporalibusque
1039 1493 1075 1558 in
1097 1491 1297 1558 immortalia
1311 1505 1399 1555 muta·

315 1581 445 1642 buntur
474 1593 508 1642 et
536 1591 693 1652 aeterna,
725 1580 769 1641 (le
798 1575 1000 1642 animalibus
1017 1577 1054 1640 in
1078 1574 1280 1663 spiritualim
1309 1595 1347 1638 ne
1366 1593 1400 1636 ut

314 1663 382 1725 boo
402 1663 444 1725 td
465 1660 626 1726 virtutem
650 1675 788 1725 naturae
811 1660 1013 1748 divinaeque
1029 1658 1192 1724 bonitatia
1207 1659 1341 1724 refertur
1362 1677 1397 1718 ar·

340 1743 472 1820 tatem,
495 1745 552 1818 led
573 1747 615 1808 ad
637 1743 758 1808 llreuui
774 1743 900 1824 ‘judicie
922 1742 1124 1809 duriffimam
1146 1759 1179 1806 et
1199 1741 1397 1806 incommuta·

313 1765 418 1892 ffilem
449 1825 689 1903 austeritatem,
724 1830 800 1892 <lata
821 1845 960 1894 naturae
981 1842 1016 1892 et
1037 1829 1124 1896 dona
1147 1825 1273 1912 gratiae
1292 1824 1325 1888 iu
1344 1843 1400 1886 cra

287 1908 488 1975 'delitatem
516 1909 688 1976 vindictae
718 1912 1002 1976 trantfnudentea.
1045 1910 1151 1974 liunt
1181 1906 1275 1974 enim
1301 1905 1399 1992 impio

313 2015 391 2058 rum
414 2015 559 2080 torpore
590 2014 661 2059 non
683 1993 782 2059 aliam
805 1999 848 2060 ob
869 1995 1000 2060 caulam
1020 1991 1244 2067 immortalia,
1276 2006 1397 2062 aeterua,

314 2074 566 2163 spiritualiaque
602 2078 845 2156 resurrectura,
889 2077 951 2142 nili
986 2091 1026 2141 ut
1077 2091 1218 2162 erpetua
1246 2073 1399 2137 sustineant

313 2158 487 2304 supplicia.
530 2163 647 2246 Ignem
679 2181 814 2246 quoque
846 2160 883 2226 in
916 2181 984 2248 quo
1006 2099 1190 2236 arriebunt,
1224 2175 1400 2244 corporeum

312 2241 371 2304 len
399 2243 567 2328 bilemque
594 2244 657 2307 elle
684 2263 755 2308 non
788 2242 955 2309 dubitant.
997 2241 1160 2308 Similiter
1191 2243 1235 2308 dc
1254 2241 1400 2304 vermibnt

312 2344 384 2388 uon
407 2325 596 2400 trimitaria,
634 2329 742 2412 deque
764 2328 876 2413 llagno
899 2329 1078 2412 sulphureo
1101 2323 1215 2390 nelcio
1237 2323 1316 2412 quid
1335 2323 1399 2386 lom·

312 2406 420 2471 uiant.
464 2408 659 2494 Corporalia
690 2426 801 2474 tamen
835 2426 934 2496 atque
964 2409 1083 2474 localia
1115 2413 1201 2472 baec
1225 2407 1333 2472 omnia
1351 2403 1400 2467 elle

312 2489 551 2556 incunctanter
572 2491 754 2556 affirmant:
776 2495 942 2558 maeculoa
964 2492 998 2556 iu
1023 2495 1101 2556 sexu
1121 2491 1327 2564 marcelino,
1346 2489 1400 2551 loc·

313 2573 423 2638 minae
452 2573 489 2638 in
516 2575 596 2648 lero
624 2575 831 2652 foeminino,
859 2574 1307 2663 propriorquefiugulorum
1326 2568 1401 2636 babi-

261 2687 264 2696 ·
314 2670 369 2720 tue
382 2658 631 2723 resurrecturot
648 2658 786 2756 publice
809 2661 972 2733 clamant3
995 2677 1146 2723 necnon
1166 2673 1202 2722 et
1217 2659 1400 2744 singulorum

130 2749 138 2764 ·
196 2801 199 2808 ,
312 2743 539 2806 membrorum
569 2739 695 2812 officia,
720 2741 787 2806 *rec
814 2763 883 2807 uou
919 2741 1114 2839 netellaria,
1149 2762 1220 2805 non
1257 2740 1401 2839 ceinture,

310 2825 1035 2973 titlestrlttltltll‘,illst
1051 2825 1400 2994 liimrssiffiimi

311 2989 459 3074 generali
508 2990 660 3060 omnium
698 2995 940 3057 humanorum
960 2987 1140 3078 corporum
1177 2987 1402 3055 resurrectione

334 3071 527 3138 raeditene:
567 3077 753 3138 seminatur
781 3077 816 3137 in
845 3076 1056 3146 contumelio,
1085 3067 1198 3156 [urget
1228 3079 1264 3138 a'rr
1292 3071 1403 3156 gloria:

261 3167 264 3172 '
301 3093 490 3247 feminutur
519 3160 553 3219 in
581 3157 795 3249 infirmitate,
813 3151 936 3247 surget
956 3161 991 3221 in
1010 3162 1145 3222 virtute.
1193 3159 1229 3222 Si
1252 3177 1328 3243 ergo
1348 3173 1403 3216 om·

310 3235 367 3300 nia
392 3258 532 3324 corpora
555 3239 689 3326 surgent
709 3239 753 3304 in·
767 3241 873 3326 gloria
896 3257 930 3304 et
948 3241 1085 3312 virtute,
1110 3241 1217 3304 ablata
1233 3238 1326 3306 omui
1338 3255 1401 3299 oon·

166 3348 169 3357 1
197 3334 201 3341 ‘
310 3320 448 3384 tumelie
470 3336 504 3384 et
522 3322 734 3398 infirmitate;
757 3323 866 3409 qualit
888 3323 993 3410 gloria
1014 3323 1079 3388 erit
1099 3322 1171 3395 hie,
1194 3314 1402 3410 quiartentit

310 3403 559 3468 damnabuntur
586 3405 777 3492 suppliciia,
812 3409 866 3471 vel
902 3406 1009 3493 qualia
1037 3405 1173 3471 virtue?
1215 3407 1289 3471 Nec
1317 3401 1402 3468 ubilat

334 3489 403 3550 uod
432 3486 512 3552 alibi
539 3488 629 3552 idem
652 3489 824 3574 Apostolua
846 3489 909 3554 aitt
945 3499 995 3556 An
1015 3511 1082 3554 nort
1101 3491 1202 3554 halet
1220 3487 1401 3579 potestaten

301 3505 432 3659 igulus
451 3572 531 3646 turi,
554 3573 646 3636 uliud
667 3595 729 3637 uas
769 3593 864 3636 acere
884 3576 919 3636 in
939 3577 1111 3652 bonorem,
1145 3574 1238 3638 eliud
1260 3579 1294 3638 ira
1313 3581 1402 3635 ceule

308 3654 462 3718 melium?
494 3651 573 3720 Nou
604 3653 694 3720 enim
726 3565 775 3721 (A
795 3656 1038 3724 resurrectione
1064 3678 1246 3744 corporum
1283 3676 1323 3719 eo
1341 3653 1401 3716 loct

309 3735 361 3800 die
387 3752 470 3817 utet,
515 3739 582 3802 sed
608 3741 765 3804 adverlue
787 3759 844 3804 eoa
866 3739 935 3816 ait,
971 3741 1031 3828 qui
1052 3745 1164 3806 Deum
1184 3753 1349 3805 conantur
1365 3750 1402 3794 rt·

307 3759 537 3904 preitendere,
559 3823 668 3887 veluti
684 3823 852 3924 iniquum,
870 3820 953 3890 alica
969 3822 1107 3910 quidem
1122 3823 1315 3912 eligentem,
1334 3815 1401 3882 alio·
1426 3853 1427 3883 r

307 3921 389 3966 vero
417 3906 653 3992 repellentem,
685 3921 719 3971 et
750 3903 827 3971 tlloe
849 3904 986 3996 quidem
1009 3907 1083 3972 vala
1104 3897 1397 3972 misericordiali

309 3983 476 4061 cientem,
516 3986 592 4052 illoc
626 4003 739 4054 autem
766 3989 842 4054 vala
871 3989 940 4056 irae
971 3991 1188 4056 deserentem.
1242 3987 1279 4053 si
1306 3997 1398 4050 autel!¹
1425 4023 1426 4030 κ

309 4066 384 4152 quic
407 4068 544 4141 dixerit,
580 4075 672 4157 quod
692 4093 763 4136 uon
786 4076 829 4138 cle
850 4075 999 4158 generali
1018 4073 1173 4140 omnium
1192 4073 1395 4139 hammum

273 4173 278 4184 ·
309 4169 507 4237 corporum,
528 4152 585 4220 sed
608 4156 650 4220 de
671 4153 806 4242 speciali
826 4157 986 4236 iustorum
1004 4157 1060 4226 bie
1079 4156 1190 4225 verbio
1209 4151 1397 4244 praeditet*
1424 4235 1425 4240 ἵ
