2854 4978
443 230 551 303 urta
575 227 730 302 Portam
1067 227 1145 320 ,218

55 415 133 484 enim
160 426 240 496 ants
265 428 337 488 erat
361 413 400 479 ln
420 413 555 482 recretis
577 431 683 486 terrae
701 415 773 489 lira
788 411 926 494 oceani,
956 411 1024 481 five
1047 412 1139 489 alibi,
1162 394 1169 439 ³

54 501 103 566 nbi
131 494 339 566 invisibiliter
368 498 501 564 latebat.
545 502 651 570 Later
671 497 764 566 enim
786 521 805 563 a
824 499 962 564 latendo
982 497 1020 562 in
1040 497 1140 564 venis
1219 529 1224 546 r

53 585 144 650 lenas
173 579 318 665 dieitur3
347 579 396 648 ita
424 598 458 648 et
485 582 620 656 numeri
649 579 1051 672 quorum'multiplicatio
1072 581 1142 647 five

54 667 122 732 aliae
148 664 383 753 proportiones
406 663 445 730 in
471 665 647 732 infinitum
678 669 871 754 profluunt,
906 686 978 728 non
1000 667 1041 729 ab
1062 663 1141 750 ipfis

53 749 141 816 linitis
160 747 310 816 numeris
331 748 390 834 qui
409 748 558 836 primum
574 749 819 837 contemplanti
836 746 984 813 animoa
1008 753 1139 832 parent,

50 835 98 900 led
115 835 152 898 ab
171 832 183 896 i
209 833 248 896 fis
269 830 458 898 rationibus
479 835 622 900 aeternis
646 849 680 898 et
701 832 847 899 infinitis
868 831 905 896 in
925 771 1048 917 quiius
1064 853 1141 896 cau-

50 916 146 980 laliter
177 856 353 980 iirbfistunt
386 915 553 1003 originem
586 921 728 984 ducunt.
778 921 818 981 ln
848 919 995 980 monade
1028 929 1142 981 autern

50 1001 132 1074 lunt,
152 995 187 1064 iu
208 1001 355 1064 monade
376 1022 411 1064 er
435 1022 455 1065 o
475 999 604 1064 infiniti
626 995 786 1078 lunt,‘ex
807 1021 872 1087 qua
893 997 1050 1063 infinitus
1071 1018 1141 1068 orn·¹

5 1151 6 1154 ,
50 1083 94 1149 nis
111 1102 367 1147 numerorumc
422 1105 463 1148 ua
483 1084 656 1170 procedit,
686 1100 721 1150 et
740 1083 778 1148 in
802 1103 903 1171 quam
925 1079 1056 1170 delinit.
1098 1083 1144 1152 Et

5 1185 6 1196 ¹
51 1181 83 1230 ut
96 1164 209 1245 majori
232 1183 431 1252 argomento
451 1183 605 1245 utamur,
639 1168 808 1234 unitatem
828 1187 1004 1252 nunquam
1024 1163 1143 1234 inchoa

49 1249 101 1316 alle
128 1247 328 1314 affirmantes
361 1251 542 1337 diligenter
572 1251 820 1328 animadverte,
860 1250 886 1314 fi
913 1248 1095 1348 unitaeque
1123 1267 1144 1314 o

49 1331 167 1398 Graecis
196 1331 324 1397 dicitur
351 1357 488 1410 monas,
519 1333 674 1400 omnium
694 1355 914 1400 numerorum
933 1330 1144 1419 prinerpium

49 1416 101 1492 eil,
134 1429 167 1480 et
189 1415 362 1494 medium,
399 1433 434 1482 et
459 1417 560 1496 linia,
595 1422 635 1484 ab
664 1417 735 1505 ipsa
755 1417 919 1517 siquidem
940 1418 1143 1502 procedunt,
1189 1453 1195 1478 .

47 1497 216 1585 peripsam
246 1516 450 1580 moventur,
483 1501 496 1566 i
521 1504 590 1566 lam
611 1517 751 1590 petunt,
785 1524 822 1565 tn
844 1500 951 1588 ipsam
976 1501 1142 1576 defluunt,

48 1597 76 1646 et
98 1605 193 1649 nemo
223 1583 416 1669 sapientum
446 1527 588 1734 ambigit
615 1589 709 1674 quod
734 1585 783 1648 ita
803 1585 853 1649 fit.
893 1585 972 1648 Non
995 1582 1059 1648 alia
1080 1581 1145 1647 erit

47 1664 145 1762 unitas
166 1688 207 1732 ex
228 1688 297 1753 qua
316 1669 450 1734 numeri
471 1691 531 1757 pro
559 1685 664 1746 uunt,
677 1684 723 1736 ..et
743 1668 808 1734 alia
831 1689 932 1755 quam
952 1682 1087 1753 petunt,
1110 1680 1146 1731 et

45 1769 186 1846 utquam
261 1749 397 1834 iuntur3
419 1752 477 1817 led
497 1775 567 1818 nna
591 1768 692 1852 atque
712 1755 831 1817 eadem
853 1750 931 1838 quia
956 1752 1000 1816 est
1018 1747 1146 1846 princi·

46 1853 143 1926 prum,
165 1848 200 1916 et
248 1833 321 1909 nis,
343 1834 489 1921 proinde
508 1859 645 1902 numen
664 1858 684 1901 a
704 1828 765 1902 suo
782 1832 1038 1922 progredientes
1053 1855 1145 1921 prin·

46 1913 140 2010 cipio,
167 1937 243 1982 non
271 1917 409 1984 aliunde
438 1920 500 1985 nili
530 1942 548 1985 a
576 1921 636 1986 luo
664 1922 734 1984 fine
779 1917 1038 2005 rogrediuntur:
1071 1936 1144 1984 non

47 1999 125 2064 allud
152 2001 196 2064 est
228 2021 348 2068 eorum
374 2002 602 2091 prineipium,
635 2004 728 2068 aliud
748 1943 844 2078 inis,
875 2003 1022 2065 seduna
1043 2015 1145 2085 atque
1242 2072 1247 2086 ‚

46 2084 147 2146 erdem
172 2084 314 2163 unitas;
351 2107 390 2150 ac
422 2111 486 2173 per,
513 2091 581 2153 hoe
599 2085 780 2153 necellario
803 2084 985 2152 conficitur
1005 2099 1046 2148 ut
1063 2083 1088 2148 fi
1106 2081 1145 2160 in

46 2163 203 2232 infinitum
231 2173 480 2254 protendantur
500 2169 622 2248 finem,
654 2174 694 2236 ab
716 2168 854 2234 infinito
878 2167 1049 2254 principio
1069 2185 1147 2252 pro7

47 2249 128 2324 tendi
146 2250 342 2349 incipiant3
372 2253 451 2319 finis
472 2272 585 2320 autem
605 2255 763 2320 infinitus
785 2253 830 2318 est
850 2251 1005 2316 omnium
1028 2269 1147 2316 nume·¹
1180 2272 1185 2282 ·

46 2351 144 2398 romm
163 2349 280 2398 unrtas
302 2338 438 2413 eadem,
459 2337 472 2401 i
497 2339 566 2403 itur
586 2339 631 2402 est
651 2337 806 2403 omnium
827 2357 1046 2400 numerorum
1069 2333 1147 2399 infr·

46 2414 143 2483 nitum
162 2416 392 2515 principium3
415 2437 449 2486 et
469 2361 495 2485 i
514 2444 632 2487 omnes
654 2419 789 2487 numeri
811 2409 1023 2484 aeternaliter
1044 2434 1080 2482 et
1094 2415 1147 2481 in·

47 2501 359 2567 communicabiliter
386 2504 559 2592 principio
590 2507 649 2569 luo
682 2504 873 2578 fubfillunt,
910 2501 948 2568 in
984 2501 1054 2568 fine
1084 2501 1145 2566 liro

46 2585 244 2650 aeternaliter
274 2600 309 2649 et
335 2587 703 2655 incommunicabiliter
731 2585 896 2652 lubsrstere
928 2582 1147 2650 neeellarium

47 2665 98 2731 est:
129 2684 161 2735 et
183 2672 471 2755 quemadmodum
491 2693 563 2738 non
586 2670 650 2736 erit
670 2669 749 2736 finis
769 2670 840 2734 fine
862 2668 1089 2746 desinentibus
1108 2665 1147 2734 in

46 2767 128 2828 eum,
160 2749 210 2816 ita
239 2774 311 2822 non
343 2755 408 2820 erit
434 2753 644 2854 principium
674 2756 744 2819 fine
772 2747 1014 2817 inchoantibus
1042 2752 1172 2833 abeo

46 2848 120 2900 actu.
141 2849 177 2898 et
208 2837 408 2922 operatione
437 2837 686 2924 intelligentiae
740 2835 904 2909 roficisci;
936 2831 1149 2899 aeternaliter

45 2935 113 3002 ergo
132 2917 169 2982 in
190 2925 338 2986 monade
361 2943 478 2988 omnes
498 2920 634 2986 numeri
654 2859 846 2993 stabiliunt,
887 2931 922 2980 et
941 2921 1024 2983 dum
1046 2919 1087 2980 ab
1109 2935 1149 2982 ea

44 3001 227 3082 profluunt,
250 3003 288 3067 in
312 3026 352 3068 ea
373 3008 436 3071 elle
458 3027 530 3071 non
551 3005 723 3080 definunt,
746 2999 907 3090 quoniam
920 3000 1149 3067 statuminum

46 3085 219 3150 naturalem
243 3087 392 3154 deserere
413 3111 485 3156 non
506 3089 661 3176 poliunt,
684 3109 762 3152 nam
780 3085 846 3150 live
864 3084 963 3158 multi
987 3083 1147 3158 licentur,
1214 3109 1219 3124 =

46 3164 102 3231 live
121 3169 346 3248 resolvantur,
378 3174 418 3238 ab
442 3197 480 3238 ea
500 3171 669 3246 veniunt,
705 3167 800 3242 etin
822 3189 896 3233 eam
917 3109 1079 3242 retieunt,
1103 3165 1150 3228 se·

47 3253 184 3317 eundum
205 3258 337 3402 regulas
359 3256 560 3344 disciplinae
581 3267 666 3342 quae
686 3274 802 3320 eorum
820 3252 969 3318 rationes
983 3253 1149 3316 intuetur.

45 3333 83 3428 tlt
106 3335 130 3398 fi
155 3335 203 3398 ita
279 3386 288 3415 ,
324 3361 426 3404 nemo
447 3339 713 3424 nifisimpudens
734 3337 962 3409 contradicet,
994 3351 1149 3400 aeternos

46 3416 232 3511 munitate
261 3445 422 3489 numeros
456 3423 524 3488 luis
551 3421 740 3487 rationibus
765 3419 951 3504 lubfistere3
983 3433 1018 3484 et
1048 3413 1150 3504 liquis
1181 3497 1186 3504 ι

47 3515 188 3566 rntentus
218 3507 442 3593 perspexerit,
473 3504 728 3592 iplaerationes
752 3502 970 3590 sempiternas
991 3501 1056 3566 elle
1077 3519 1150 3564 non

49 3584 215 3651 dubitabit.
257 3587 584 3656 nummariam
615 3586 814 3673 disciplinae
838 3609 911 3652 non
939 3583 1095 3669 ignarum
1117 3595 1153 3644 te

49 3667 102 3731 elle
119 3670 196 3756 perl
217 3668 309 3748 icio,
337 3677 502 3740 hactenus
524 3670 618 3734 enim
640 3669 842 3757 quicquida
864 3685 899 3732 te
921 3669 964 3732 de
984 3666 1055 3764 ipsa
1074 3681 1152 3752 pro·

47 3748 181 3817 latume
213 3802 224 3833 ,
263 3777 343 3823 vera
361 3758 449 3824 ratio
469 3755 662 3843 praedicat,
696 3773 735 3818 ac
755 3753 800 3817 lie
820 3767 855 3814 et
876 3772 949 3816 non
971 3752 1069 3815 ahter
1088 3747 1153 3844 elle

51 3833 233 3915 confirmat3
264 3840 323 3906 led
348 3856 390 3908 ut
418 3839 548 3908 firmius
580 3841 622 3904 de
654 3855 874 3902 numerorum
896 3830 1152 3900 aeternitatem

50 3921 184 3986 monade
211 3927 411 4009 perdoceas,
444 3945 563 3990 eorum
589 3919 739 3986 rationes
791 3937 851 3982 uas
880 3932 1029 3984 aeternas
1052 3931 1153 4001 atque

50 3998 301 4073 innumerabiles
333 4006 441 4074 affaris
466 4009 561 4084 elle„
579 4003 727 4070 breviter
748 3941 884 4066 edissere
905 4017 1006 4086 atque
1027 4015 1150 4093 aperte.

50 4085 88 4146 D·
108 4086 216 4153 Prima
236 4115 298 4178 pro
322 4089 417 4158 resfio
437 4111 659 4156 numerorum
680 4087 725 4152 eli
746 4107 765 4148 a
787 4089 951 4169 monade,
985 4101 1020 4149 et
1038 4083 1153 4148 multr-

55 4167 237 4251 plicationis
257 4115 446 4267 aripicium
467 4175 566 4250 Δυὰς
587 4173 678 4240 idem
697 4167 861 4247 binarius,
874 4159 1151 4256 secunda,rptd5‚
