2922 4978
432 225 433 230 ‘
473 233 579 305 laidet
601 233 762 318 amatr.
878 249 883 275 ⁸
1094 234 1172 309 446

65 423 108 490 eil
134 413 338 486 -naturaliter
364 433 616 506 compactarum
649 419 700 485 eia
729 417 920 498 divinarum
939 420 1111 488 rationum
1131 422 1172 486 ab

63 507 135 594 ipso
158 519 306 570 creatore
326 523 387 588 per
407 501 650 591 negligentiam
672 517 913 590 corruperunt,
935 504 1041 591 magia
1056 507 1176 578 autem,

4 637 5 642 η
63 589 185 676 seipsos
223 601 449 672 temperanter
479 589 702 664 salvaverant,
750 603 847 652 totoo
869 585 1171 660 inconversibiliter

61 687 183 772 utpote
215 669 352 736 divinae
379 691 504 758 organa
530 686 671 736 naturae
701 687 735 736 et
762 671 841 745 elie,
879 685 913 732 et
944 671 1076 736 futuros
1106 673 1170 736 essa

62 757 222 830 scienter,
256 765 341 840 quoa
368 776 429 841 per
457 769 569 818 totum
597 770 689 820 totua
712 753 967 840 circumspirans
988 757 1098 828 Deua,
1132 755 1170 820 in
1261 779 1263 791 ’

61 842 202 906 modum
231 835 363 902 animae
389 838 496 902 veluti
517 841 666 903 membra
687 837 838 924 corporis
861 852 1052 924 compacta,
1086 836 1170 935 opti·

61 944 118 988 mo
141 919 291 987 Domino
314 921 420 985 factor
442 924 484 986 ad
506 923 716 989 voluntatem
738 936 876 996 tractat,
901 936 936 986 et
954 920 1090 1007 propria
1111 943 1172 996 am·

62 1007 135 1094 piet
167 999 274 1091 gloria
304 1019 338 1067 et
361 1004 588 1080 beatitudine,
618 1005 729 1079 vitam,
746 1007 840 1070 'dana
863 1017 898 1068 et
919 1005 1049 1068 donant
1072 1019 1176 1076 aeter,

61 1113 142 1155 uam
172 1105 273 1174 atque
294 1085 522 1164 ineffabilem,
552 1103 586 1152 et
608 1088 766 1166 omnibus
787 1087 897 1153 modis
917 1087 1073 1165 universa
1092 1086 1177 1166 libe·¹

60 1196 133 1238 ram
158 1169 357 1272 cognitione
379 1171 578 1236 constitutae
597 1171 813 1259 proprietatis
834 1170 1093 1270 praesentie,.et
1112 1193 1174 1259 per
1234 1237 1235 1245 ,

61 1255 543 1341 corruptionem-consistentia
564 1255 672 1331 vitae,
696 1277 804 1342 quam,
817 1254 978 1320 videlicet
997 1253 1105 1318 vitam
1120 1277 1171 1330 aa·
1236 1258 1238 1263 ’
1336 1249 1340 1266 '

62 1357 195 1405 ternam
216 1359 288 1404 non
310 1345 364 1402 adr
385 1338 572 1424 inspirant,
601 1361 713 1426 neque
734 1337 907 1426 sangrrinia
927 1335 1028 1418 rivuli
1050 1341 1173 1424 hepate

61 1421 201 1488 fluentia
226 1421 454 1494 constituunt,
475 1424 532 1488 sed
551 1427 644 1488 Deua
666 1437 758 1488 totus
781 1422 861 1486 totio
883 1421 1115 1508 participatur,
1139 1437 1175 1502 et

61 1506 194 1572 animae
224 1503 261 1569 in
289 1508 431 1570 modum
467 1510 509 1572 ad
540 1529 689 1594 corpur,
713 1522 747 1571 et
767 1529 827 1593 per
849 1504 999 1571 medium
1022 1503 1174 1570 animum

60 1594 105 1654 ad
137 1589 259 1674 corpus
282 1589 408 1666 factus,
443 1589 526 1656 licut
545 1591 645 1656 novit
664 1589 752 1676 ipse,
781 1605 821 1653 ut
842 1610 880 1653 ea
902 1587 1040 1674 quidem
1062 1589 1173 1654 anima

60 1670 417 1750 inconversibilitatem
441 1674 603 1762 accipian
626 1675 713 1738 illud
733 1694 814 1738 vero
836 1693 959 1758 corpur
976 1670 1174 1738 immortali-

59 1773 182 1832 tatem,
206 1772 240 1819 et
262 1771 354 1828 totus
376 1760 479 1822 bomo
502 1758 679 1824 deificetur
725 1779 759 1821 er
779 1755 994 1821 inhumanati
1009 1755 1082 1836 ,Dei
1141 1777 1173 1820 a·

58 1841 145 1904 tiam
176 1837 397 1916 deificantia,
421 1855 512 1905 totae
532 1840 678 1928 ,quidem
699 1781 802 1905 bomo
825 1861 966 1906 manens
988 1839 1087 1904 secun
1115 1861 1175 1913 um

57 1923 228 1998 animam,
258 1931 293 1987 el
321 1943 442 2009 corpur
471 1945 532 2010 per
559 1939 734 2000 naturam,
766 1940 801 1987 et
830 1938 922 1988 totus
943 1923 1052 1988 factus
1073 1926 1168 2002 Deua
1260 1995 1272 2013 ,

57 2009 248 2072 secundum
270 2005 417 2072 animam
439 2021 473 2072 et
494 2029 616 2094 corpur
638 2029 699 2094 per
720 2006 879 2094 gratiam,
912 2021 947 2068 et
967 2004 1174 2072 convenien-

57 2108 130 2176 tem
151 2089 211 2155 sibi
231 2111 291 2176 per
315 2105 426 2154 totum
445 2090 596 2156 divinam
612 2094 730 2156 beatae
765 2089 869 2156 loriae
882 2089 1078 2168 claritatem,
1127 2089 1175 2156 ott

82 2197 162 2239 uam
192 2172 280 2237 nihil
311 2174 355 2238 est
382 2177 424 2238 ad
450 2173 560 2239 intelli
586 2178 711 2242 endum
742 2115 891 2240 incidiua
924 2190 983 2238 aut
1003 2114 1175 2239 cacelina.

56 2199 156 2346 {inid
179 2257 270 2321 enim
290 2253 457 2334 θεώσεος,
487 2258 524 2322 id
546 2198 590 2322 eit
612 2257 828 2324 deificatione
851 2257 962 2344 dignis
985 2257 1191 2335 amabiliua‚·

85 2365 122 2404 er
152 2362 252 2427 quarn
285 2345 380 2406 Deua
403 2341 468 2406 diie
490 2342 598 2406 factus
619 2339 738 2406 unitus
760 2340 902 2408 omnino
923 2339 1176 2408 universitatem.

54 2367 155 2490 ittam
177 2423 260 2488 facit
279 2447 340 2512 per
363 2424 576 2490 bonitatem?
612 2423 852 2490 Animadverte
873 2427 965 2509 quod
987 2423 1050 2502 ait,
1081 2440 1175 2490 totua

55 2513 166 2574 homo
189 2529 330 2575 manent
351 2509 537 2574 secundum
559 2507 706 2574 animam
727 2522 762 2574 et
784 2528 905 2593 corpur
926 2529 986 2592 per
1007 2524 1174 2582 naturam,

56 2609 97 2658 et
131 2607 223 2656 totua
253 2585 363 2656 faciut
395 2595 487 2656 Deua
517 2591 703 2658 secundum
733 2590 880 2656 animam
907 2606 940 2654 et
969 2612 1091 2676 corpus
1113 2613 1176 2675 pet

54 2673 237 2764 gratiam.”
281 2677 429 2739 Naturae
456 2672 562 2762 igitur
592 2672 744 2740 manebit
764 2672 972 2761 proprietas,
1002 2690 1037 2738 et
1059 2694 1174 2741 aarum
1203 2705 1205 2708 ·

55 2757 129 2824 erit
158 2755 292 2836 unitas,
319 2778 391 2822 ⁴nec
414 2757 605 2855 proprietas
633 2757 763 2822 auferet
782 2774 977 2822 naturarum
1000 2755 1176 2822 adunatio·

52 2863 158 2916 nem,
190 2863 256 2906 nec
284 2842 446 2906 adunatio
476 2857 673 2906 naturarum
693 2839 945 2928 proprietatem.
987 2843 1030 2904 D.
1051 2841 1177 2905 isthaec
1243 2896 1248 2904 .

53 2945 150 3024 quae
171 2946 190 2987 a
212 2939 245 2988 te
267 2923 358 2988 dicta
378 2925 457 2987 sunt
474 2924 627 3010 quamvis
636 2946 741 3004 ,verae
757 2923 882 2990 rationi
890 2922 1076 2988 rideantur
1091 2921 1176 2988 simi·

49 3013 126 3085 ha,
152 3005 266 3072 minua
288 3023 401 3071 tamen
425 3007 622 3094 capacibus,
652 3029 832 3094 rerumque
852 3023 1006 3072 naturam
1028 3009 1176 3072 confide·

46 3090 214 3158 rantibus
235 3089 467 3165 videbuntur,
505 3107 545 3154 ut
567 3089 706 3178 opinor,
743 3091 851 3156 veluti
873 3093 1035 3176 quaedam
1059 3089 1176 3156 delira-

47 3190 197 3252 menta,
219 3195 258 3239 ac
277 3172 409 3238 sibimet
428 3174 706 3240 contradicentia.
748 3177 894 3261 Magnus
915 3175 1077 3320 srpuidem
1095 3177 1175 3240 Gre-

48 3257 179 3348 gorius
200 3258 364 3340 Nysieuua
386 3257 452 3333 ait,
475 3273 515 3322 ut
539 3257 641 3332 dicia,
673 3303 695 3332 „
720 3261 791 3341 uod
813 3257 924 3322 anima
959 3281 1041 3324 uum
1064 3274 1176 3322 totum

49 3361 188 3427 corpur
217 3339 256 3405 in
286 3339 426 3438 seipsam
458 3341 673 3406 consumtura
695 3279 749 3416 it,
781 3357 913 3406 etcum
935 3341 1008 3428 ipso
1029 3365 1119 3406 unua
1141 3355 1176 3404 et

44 3425 215 3513 spiritua,
240 3437 275 3488 et
296 3445 446 3499 ammos,
471 3439 506 3488 et
526 3427 620 3489 Deua
641 3425 771 3488 futura:
795 3423 861 3488 Cui
884 3423 986 3489 etiam
1000 3426 1091 3488 favet
1104 3427 1175 3488 Ma·
1242 3467 1244 3476 κ

42 3509 192 3581 ximus,
216 3507 352 3572 dicem:
375 3505 527 3572 Omnino
550 3521 701 3604 tempore
722 3505 974 3572 resurrectionis
989 3509 1176 3586 secundum

42 3597 151 3660 bene
171 3591 320 3654 suturam
333 3591 596 3654 ‘conversionem
616 3613 653 3654 tn
676 3589 806 3676 Spiritu
820 3591 944 3654 Sancto
959 3612 1020 3674 per
1034 3589 1177 3677 gratiam

40 3672 229 3742 incarnati
250 3672 316 3738 Dei
338 3672 569 3739 absorbebitur
590 3694 667 3737 caro
689 3677 729 3738 ab
752 3672 864 3738 anima
883 3673 920 3738 in
944 3670 1082 3757 spiritu,
1104 3667 1176 3736 ani·

38 3781 115 3827 ma
148 3777 229 3822 vero
251 3757 289 3822 in
311 3761 420 3824 Deo.”
449 3754 626 3822 'Addidisti
648 3778 784 3842 quoque
803 3755 902 3822 Beati
922 3757 1084 3822 Ambrosii
1104 3756 1176 3820 sen·

42 3839 207 3916 tentiam
229 3844 271 3907 de
293 3839 501 3908 adunatione
522 3842 690 3913 humanae
711 3855 869 3917 naturae,
889 3843 957 3904 hoc
978 3839 1041 3918 est,
1064 3841 1106 3905 de
1126 3861 1176 3904 re·

41 3926 139 3994 dita
169 3921 207 3988 in
229 3945 359 4001 unum,
388 3947 434 3989 ne
454 3922 617 3990 videreris
639 3924 844 4006 Graecorum
864 3924 1075 3992 solummodo
1100 3941 1175 3988 auc·

40 4029 176 4076 torum
199 4009 434 4074 auctoritatem
455 4008 570 4094 sequit
594 4008 689 4072 nullo
706 4009 830 4093 auxilio
847 4005 1020 4074 Latialiter
1035 4009 1176 4093 loqueu-

39 4093 168 4164 tinm,
190 4089 261 4156 imo
283 4091 385 4156 etiam
408 4094 589 4156 denatura
610 4111 723 4158 rerum
745 4089 991 4177 disputantium
1006 4091 1172 4155 suffultus.

34 4174 136 4268 lpse
167 4173 330 4262 siquidem
363 4177 463 4242 docet
489 4188 556 4244 troo
584 4175 753 4244 humanae
783 4191 923 4241 naturae
943 4171 1174 4247 subsistentiae,
1246 4191 1247 4197 ¹
