2854 4978
262 215 340 290 eet
404 178 409 186 ’
597 137 1125 302 benemerentem?

154 432 157 437 ’
267 399 305 466 Si
331 414 445 467 autem
473 400 645 490 praedicte
675 403 790 470 omnia
803 399 1043 488 »incorporalia
1071 400 1150 466 lunt
1184 399 1372 486 corporibus

267 482 500 564 adhaerentia,
525 500 559 551 et
578 485 616 554 iu
639 486 820 574 lemetipfie
839 501 930 551 extra
944 505 1084 570 corpora
1097 484 1281 559 intellecta,
1302 484 1370 571 quit

267 567 331 632 nifi
352 568 513 655 infipient
535 568 658 636 dixerit
678 569 749 636 vim
771 569 937 636 seminum
957 553 1203 655 incorporalem
1229 587 1270 631 co
1310 589 1371 632 ore·

224 679 228 684 ·
268 651 311 716 lic
331 650 492 717 materiae
513 655 555 718 ad
577 653 825 754 apparitionem
840 653 933 718 luam
949 650 1128 739 indigere?
1151 653 1269 717 Ablata
1309 650 1371 737 qui·

267 737 345 799 dem
366 735 496 834 specie,
518 756 680 826 omnaque
700 736 880 825 qualitate,
913 750 947 800 et
967 735 1177 822 quantitate,
1207 732 1372 797 virtuale

265 817 401 966 quinalre
429 819 467 886 in
496 823 589 885 nuda
622 819 761 886 materia
782 821 877 886 nullo
900 822 1002 885 modo
1021 819 1129 907 potest
1151 819 1211 883 seu
1231 817 1303 881 fieri
1323 817 1372 880 len

282 918 393 966 entrn.
424 927 427 936 ¹

269 1051 272 1056 .
333 1001 381 1062 17.
404 987 600 1052 lnconculsa
620 985 736 1074 itaque
751 985 942 1052 authoritas.
959 979 1095 1049 divinae
1111 981 1302 1069 Scripturae
1317 1001 1370 1046 nor

266 1069 441 1156 compellit
462 1073 615 1145 credere,
641 1069 747 1135 totius
769 1085 940 1135 creaturae
960 1067 1210 1132 univerfitatem
1226 1065 1262 1130 in
1278 1068 1369 1128 verbo

265 1151 332 1216 Dei
354 1152 527 1224 conditam
551 1153 624 1218 elle.
670 1154 773 1241 lpsrua
794 1175 875 1218 vero
897 1150 1107 1218 conditionie
1127 1149 1294 1216 rationem
1312 1170 1371 1212 om·

266 1256 329 1299 nee
359 1234 555 1301 intellector
586 1237 757 1322 superare,
790 1236 919 1323 solique
940 1238 1062 1312 verbo,
1094 1232 1131 1298 in
1156 1231 1371 1320 quocondita

265 1319 367 1395 lunt,
389 1318 562 1406 cognitam
585 1322 658 1386 effe.
703 1319 739 1386 Si
759 1341 840 1384 vero
861 1320 914 1384 vie
938 1319 1054 1385 audire
1098 1316 1161 1382 uid
1184 1319 1226 1382 de
1247 1313 1371 1379 univer·
1419 1377 1420 1380 ,

265 1400 370 1466 litatis
399 1397 599 1467 aeternitate
628 1402 665 1466 in
687 1405 791 1468 verbo
813 1403 878 1467 Dei
901 1389 1042 1476 lentio,¹
1063 1339 1105 1466 aq
1126 1404 1212 1465 haee
1231 1419 1312 1487 quae
1334 1396 1370 1459 lc·

267 1501 419 1571 quuntur
446 1485 601 1551 intentur
631 1487 707 1554 esto.
751 1490 794 1550 D.
820 1487 956 1551 'Praesto
985 1487 1067 1550 lum.
1110 1485 1162 1548 M.
1186 1486 1274 1548 Num
1296 1478 1369 1544 arbi·
1419 1507 1420 1570 p

264 1568 362 1632 traria
390 1571 532 1634 verbum
564 1566 630 1632 Dei
661 1570 698 1634 in
735 1590 803 1656 quo
821 1571 917 1634 ‘facta
939 1570 1016 1633 lunt
1037 1566 1153 1634 omnia
1174 1565 1291 1631 vidiffe
1310 1585 1369 1659 om·

267 1650 327 1716 nia
356 1673 442 1739 quae
469 1651 506 1716 in
533 1673 574 1729 eo
596 1653 683 1717 facta
706 1652 812 1716 funt?
846 1657 889 1716 D.
911 1650 1062 1718 Arbitror
1083 1651 1173 1716 lane.
1201 1651 1368 1741 'Quamne
1419 1685 1420 1702 .

267 1734 360 1800 enim
383 1734 499 1800 divina
522 1735 693 1834 operatio,
715 1735 752 1798 in
778 1757 843 1821 qua
864 1735 1002 1801 condita
1023 1736 1101 1799 lunt
1120 1731 1253 1809 omnia,
1274 1729 1368 1816 triph·

266 1816 352 1894 citer
373 1819 461 1883 lacre
484 1821 657 1905 Scriptura
676 1818 877 1904 perhibente
903 1815 1111 1916 atheologie
1134 1815 1366 1908 consideretur

264 1901 365 1972 Pater
396 1903 488 1966 enim
520 1901 624 1977 facit,
654 1901 692 1966 in
720 1901 808 1966 Filio
836 1901 946 1978 fiunt,
980 1901 1110 1988 Spiritu
1141 1901 1255 1965 sancto
1277 1895 1366 1962 dism-

179 1977 182 1994 '
264 1987 437 2048 buuntur:
469 2007 538 2048 una
574 1999 688 2049 tamen
709 2001 743 2050 at
766 2007 810 2049 ue
833 1989 948 2050 eadem
970 1986 1187 2071 summaeque
1207 1984 1368 2074 sacraeque

265 2063 427 2132 trinitatis
459 2069 503 2131 ell
536 2067 699 2154 operatio.
744 2008 847 2154 Quod
869 2067 961 2134 enirn
981 2083 1077 2155 pater
1099 2067 1202 2142 facit,
1237 2081 1270 2130 et
1289 2063 1366 2128 filrua

266 2150 366 2224 facit,
401 2165 435 2213 et
464 2150 600 2238 spiritua
633 2152 765 2217 sanctur
794 2152 895 2228 lacit,
931 2168 966 2216 et
989 2155 1082 2240 quod
1101 2151 1139 2216 in
1162 2149 1234 2215 filio
1254 2147 1366 2212 factum

268 2233 321 2308 est,
344 2233 380 2295 in
398 2247 492 2318 patre
515 2241 550 2298 et
569 2233 690 2321 spiritu
707 2234 822 2300 sancto
847 2236 976 2300 factum
998 2236 1051 2300 est.
1094 2233 1269 2333 Siquidem
1289 2227 1365 2293 filius

265 2314 303 2380 in
324 2331 419 2401 petre
440 2316 485 2380 cll
505 2339 607 2382 omne
629 2319 721 2406 quod
740 2317 778 2382 in
799 2317 872 2383 filio
892 2318 1021 2384 tactum
1044 2317 1110 2393 cst,
1144 2341 1182 2382 nr
1204 2330 1293 2402 patre
1312 2307 1365 2374 effe

224 2471 229 2484 Ι
265 2399 395 2464 neceffe
424 2399 477 2464 est.
518 2402 606 2466 Nam
633 2399 759 2466 rationi
780 2421 851 2467 uon
872 2400 1056 2478 convenit,
1091 2416 1131 2465 ut
1150 2395 1364 2484 intelligamur

264 2479 376 2550 filium
394 2480 505 2568 ipsum
526 2485 633 2550 solum
654 2484 691 2548 in
740 2499 826 2559 atre.
864 2504 1006 2550 cavero
1027 2505 1114 2572 quae
1133 2499 1231 2581 pater
1249 2479 1284 2544 irl
1303 2475 1364 2540 filio

265 2564 365 2670 tacit,
398 2564 435 2629 in
452 2582 558 2714 patre
597 2589 667 2637 nou
690 2508 772 2642 eie,
805 2567 956 2632 [imiliter
976 2570 1070 2654 quod
1090 2567 1228 2654 sprrit'ue
1248 2564 1365 2626 sanetur

264 2663 375 2713 nntnt
396 2665 430 2712 et

266 2745 331 2796 tur.
375 2730 411 2796 si
431 2730 546 2822 itaque
566 2733 658 2799 filine
677 2733 763 2800 facit
783 2754 869 2822 quae
889 2735 928 2800 in
945 2757 992 2800 eo
1014 2735 1101 2799 facta
1124 2735 1203 2798 lunt
1223 2721 1363 2812 nunquid

264 2816 472 2882 credendum
492 2817 547 2882 est
576 2817 688 2884 feciffe
710 2837 796 2905 quae
817 2839 888 2882 non
911 2817 1023 2882 vidit?
1058 2814 1177 2882 vidite
1202 2833 1277 2900 ergo
1298 2825 1363 2900 0⁰¹?

265 2919 351 2986 quae
386 2897 469 2963 fecit
502 2915 537 2964 et
567 2900 604 2964 in
630 2920 671 2966 eo
692 2900 780 2965 facta
803 2899 881 2964 lunt
901 2900 1052 2966 arbitror.
1097 2901 1149 2964 Μ.
1170 2901 1271 2962 Recte
1290 2891 1361 2956 arbr·

264 2980 371 3046 traria.
415 2982 497 3047 Dic.
513 2982 631 3069 itaque·
658 2987 831 3071 quomodo
854 2984 943 3049 vidit
962 3000 1078 3048 utrum
1099 2983 1197 3048 sensu
1217 3001 1256 3044 co
1295 2989 1360 3065 0109

265 3086 308 3128 an
331 3063 531 3128 intellectui
554 3069 596 3132 D.
618 3067 692 3130 Nec
712 3067 809 3132 lenlu
832 3066 974 3132 dixerim
994 3088 1059 3136 nec
1079 3065 1253 3131 intellectu
1291 3075 1359 3122 ouu-

475 2649 639 2726 1stribnit,
662 2671 680 2716 a
702 2665 797 2736 patre
818 2665 853 2714 et
873 2651 945 2716 filio
967 2651 1138 2726 nutritur,
1161 2664 1195 2712 et
1219 2639 1363 2714 diſtribui·

264 3169 349 3212 num
376 3145 493 3211 vidiffe
523 3170 609 3235 quae
634 3147 727 3214 fecit.
771 3150 877 3215 Senlu
893 3149 1069 3236 'fiquidem
1091 3167 1252 3298 coqporeo
1271 3151 1357 3228 caret
1419 3097 1420 3158 i

265 3230 325 3316 qui
341 3229 565 3317 incorporeae
587 3232 650 3307 est,
679 3253 745 3297 nee
764 3233 902 3321 proprie
922 3234 1115 3298 intellectae
1162 3231 1278 3302 mitur,
1310 3239 1358 3308 qur

266 3328 438 3398 eruperat,
455 3334 591 3380 omnem
611 3313 834 3382 intellectum.
877 3319 1073 3382 lntellectue
1096 3333 1208 3381 tamen
1230 3331 1287 3398 per
1305 3323 1359 3369 ωδ·
1419 3361 1420 3400 3

202 3443 205 3454 ,
265 3398 440 3482 taphoram
462 3396 603 3473 dicitur,
637 3399 721 3486 licut
743 3416 778 3464 et
798 3399 931 3465 animus
953 3423 970 3464 a
993 3416 1144 3466 creatura
1164 3394 1315 3463 videlicet
1332 3397 1360 3446 tt

265 3481 309 3544 ad
337 3495 539 3556 creatorem,
574 3480 736 3570 quoniam
758 3481 863 3549 totius
883 3481 1077 3550 intellector
1100 3500 1135 3548 et
1156 3477 1258 3548 animi
1277 3465 1359 3537 caule
1419 3531 1420 3534 ,

264 3561 308 3628 est
339 3580 373 3628 et
393 3559 572 3640 conditor;
608 3567 688 3631 Non
713 3587 792 3654 ergo
812 3591 874 3666 per
896 3583 1081 3632 creaturam
1101 3563 1356 3641 videtfireeo13

264 3667 400 3744 peream
415 3647 740 3736 fiveincorpoream,
763 3673 822 3738 qur
840 3653 968 3716 nulline
981 3665 1152 3716 creaturae
1167 3645 1357 3712 inſtrument

265 3729 398 3827 rediget
426 3733 468 3796 ed
500 3753 538 3796 ea
559 3731 707 3797 videnda
751 3757 814 3799 uae
834 3737 910 3798 vult
930 3737 1050 3799 facere.
1092 3739 1173 3799 Non
1193 3731 1272 3792 enim
1291 3711 1352 3812 effi·
1419 3775 1420 3780 η

199 3853 202 3858 -
262 3826 304 3875 ut
331 3829 378 3878 att
399 3814 587 3889 Maximus,
619 3756 769 3908 poffibiie
791 3817 859 3906 est,
886 3815 980 3907 ficut
1000 3816 1146 3908 ostendit
1165 3817 1265 3883 ratio·
1297 3819 1353 3866 ‘¹¹⁰¹

261 3898 321 4040 qui
351 3893 398 3981 cst
417 3893 608 3988 superea,
637 3903 836 3996 quaesunt,
863 3924 924 3984 pet·
944 3925 984 3964 ea
1003 3898 1195 3995 quaesunt.
1228 3913 1264 3958 0⁸
1282 3899 1354 3976 ‘1¹¹⁸‘

279 3991 342 4040 unt
373 3981 545 4067 accipere,
577 3983 635 4046 led
656 3984 739 4048 ficut
759 3987 953 4050 voluntates
975 3984 1048 4050 suae
1068 3998 1267 4074 cognoscere
1288 3984 1354 4067 qm

263 4059 425 4159 dicimur,
449 4086 487 4128 ea
510 4067 695 4153 quaesunt
716 4071 878 4133 addentes
901 4069 1002 4134 etiarn
1025 4091 1065 4134 ex
1083 4070 1179 4134 caula
1198 4057 1353 4128 rationar-

262 4159 406 4210 tronum.
450 4147 485 4213 Sl
508 4148 599 4214 enim
620 4152 796 4218 voluntate
820 4153 934 4221 omnia
953 4151 1057 4228 lecit,
1081 4168 1116 4218 et
1137 4149 1227 4218 nulla
1241 4149 1353 4208 conti·
1419 4219 1420 4240 Χ
