2930 4982
471 215 779 328 'mennae
987 303 993 310 .
1097 239 1182 312 aaa

74 441 110 494 et
138 423 386 492 beatitudinem
412 429 514 512 nem'o
547 426 727 493 residebit?
758 424 895 492 sineno
916 423 992 512 quie
1013 425 1183 492 asseruerit
1303 495 1311 508 ¹
1377 480 1380 492 ,

74 505 206 614 parteui
226 513 394 574 humanae
413 525 553 576 naturae
573 511 610 576 in
630 509 816 576 Dominum
831 508 1030 587 redituram,
1053 527 1182 597 partem

6 591 7 594 '
72 618 110 660 an
128 593 252 692 poenit
274 594 401 679 semper
417 594 628 670 mansuram
650 608 775 681 quanta
789 591 1005 657 incommoda
1018 615 1183 679 veraeque
1310 647 1312 666 ί
1362 622 1387 690 -·

72 676 199 744 rationi
219 675 421 760 reluetuntia
442 677 651 743 affertionem
673 681 743 758 elue
766 675 1042 763 consequentum?
1077 677 1183 762 (loge-

73 775 131 824 tur
150 757 311 847 siquidem
334 758 431 823 fateri
452 759 608 825 divinum
629 761 769 824 verbum
791 778 862 823 non
882 774 986 824 totam
1000 761 1183 824 humanam

6 899 7 904 ,
71 858 249 917 naturam,
282 842 337 906 sed
364 857 493 928 partem
524 849 595 926 ejus
623 842 802 930 sumpfiffet
836 863 876 906 ao
902 861 964 928 per
983 845 1050 906 hoc
1071 863 1183 928 neque

73 941 194 991 totum
215 929 401 990 humanum
429 947 536 1012 genua
564 929 687 992 salvare
715 924 871 1000 voluisse,
906 945 1017 1011 neque
1039 925 1182 1000 salvasse,

98 1013 168 1074 uod
191 1009 368 1082 absurdum
390 1013 535 1074 credere.
585 1013 667 1074 Vera
688 1008 770 1074 item
795 1007 881 1074 ratio
901 1029 1052 1095 puraque
1071 1027 1183 1075 rerum

73 1033 98 1156 i
114 1082 259 1160 conlatio
287 1113 365 1158 eum
397 1091 565 1158 deridebit
589 1091 835 1180 simplicitatem
856 1094 1023 1160 humanae
1044 1106 1184 1156 natutae

6 1229 7 1232 ,
99 1175 305 1251 ividentem,
339 1197 378 1240 ao
404 1175 512 1242 veluti
546 1197 586 1240 ex
616 1175 733 1241 multia
769 1173 978 1242 dissimilibus
998 1176 1052 1238 vel
1073 1173 1184 1239 simili·

73 1261 139 1324 bue
171 1259 388 1346 compostam
421 1259 484 1324 esse
505 1261 702 1335 docentem
733 1279 810 1323 cum
831 1259 871 1322 stt
891 1279 959 1323 una
982 1273 1016 1321 et
1036 1257 1183 1344 simplex,

74 1342 240 1428 omnique
270 1341 513 1429 compositione
534 1357 569 1406 et
590 1341 856 1406 dissimilitudine
877 1355 912 1405 et
931 1339 1185 1428 multiplicitate

73 1425 222 1512 partium
243 1423 367 1490 liberat
390 1423 541 1511 alioquin
562 1447 632 1490 non
653 1431 719 1506 jam
742 1428 783 1490 ad
804 1423 987 1511 imaginem
1011 1423 1076 1488 Dei
1097 1423 1184 1488 sacta

75 1509 141 1582 eil,
170 1509 227 1573 sed
247 1511 290 1572 ad
311 1507 508 1573 mortalium·
526 1523 560 1571 et
580 1506 851 1596 corruptibilium
872 1527 1051 1604 corporum
1071 1505 1187 1572 multi·
1279 1569 1281 1582 ,

75 1591 219 1656 sormem
239 1590 453 1666 varietatem,
476 1594 569 1678 quod
590 1592 770 1658 existimare
792 1605 826 1655 et
846 1589 1066 1656 stulnffimum
1088 1591 1133 1656 est
1149 1603 1186 1655 et

75 1671 317 1760 turpisfimum4
347 1691 386 1740 et
411 1673 553 1740 omnino
585 1695 603 1740 a
631 1675 773 1758 peritate
803 1673 962 1740 alienum.
1005 1678 1128 1750 Porro,
1159 1673 1184 1737 fi

74 1762 224 1822 humana
251 1771 372 1822 natura
403 1757 515 1844 imago
536 1773 571 1822 et
590 1758 772 1827 similitudo
793 1756 858 1822 Dei
880 1757 941 1833 estt
973 1759 1127 1845 proseoto
1150 1771 1185 1821 et

77 1857 151 1942 tota
172 1861 232 1938 pet·
253 1856 364 1906 totum
385 1839 421 1905 in
445 1841 515 1940 ipsa
536 1841 599 1942 eil,
621 1859 657 1910 et
675 1858 747 1942 tota
768 1840 968 1940 infingulia-
989 1836 1185 1988 eamwparti-

75 1925 1186 2099 ltilllnllllnlsllilliniat&{illiniti
1208 2069 1212 2080 ,

76 2091 256 2177 diuidendi
283 2093 339 2156 vel
367 2090 535 2179 partiendi
571 2097 626 2159 seu
649 2113 725 2160 actu
749 2110 783 2158 et
804 2113 905 2179 opere
926 2091 1103 2191 recipient.
1148 2086 1185 2153 si

78 2175 173 2239 enim
190 2195 263 2240 ¹una
284 2191 318 2240 et
336 2175 516 2243 individua
538 2177 699 2258 divinitae
722 2178 785 2256 esi,
810 2179 858 2242 ad
885 2179 980 2257 cujua
1002 2173 1185 2274 imaginem

80 2257 274 2322 humanitas
306 2260 394 2325 iacta
417 2261 479 2339 esi3
514 2263 692 2327 necessario
718 2278 751 2327 et
771 2261 841 2348 ipsa
862 2279 930 2323 una
953 2257 1187 2324 et·ind1vidua
1306 2275 1309 2280 ·

76 2343 142 2418 ott.
175 2356 211 2405 et
239 2363 357 2407 omnes
385 2344 565 2419 hominen,
599 2346 736 2410 nemine
769 2359 927 2429 excepto,
955 2343 993 2406 in
1016 2363 1055 2406 ea
1078 2357 1186 2406 unum

76 2426 167 2490 sunt.
210 2425 295 2490 Atsi
320 2424 395 2512 quia
415 2425 900 2514 humanitatiassmplioitatem
925 2440 959 2489 et
975 2422 1187 2522 impartibili·

75 2524 182 2573 tatem
203 2529 259 2572 me
283 2508 413 2586 dixisse.
449 2511 542 2574 nulla
564 2513 730 2576 sacrorum
750 2511 889 2574 Petrum
910 2522 1110 2572 auctoritate
1131 2509 1186 2572 ad-
1270 2585 1278 2594 ,

76 2597 190 2690 jutum
204 2590 394 2690 '‘existimem
422 2591 536 2658 audiat
556 2595 692 2659 beatum
714 2593 897 2694 origenem
918 2590 958 2694 in
976 2589 1063 2655 libro
1085 2589 1186 2691 tertio

76 2697 116 2738 tn
138 2675 293 2764 -Epislola
323 2677 366 2740 ad
392 2679 583 2755 Romanoa,
611 2679 687 2760 Ego
710 2679 787 2741 diet
806 2676 875 2740 Du
896 2672 974 2770 estus
994 2687 1029 2737 'et
1039 2671 1113 2760 filu
1133 2695 1187 2738 em·

77 2755 172 2847 celsi,
194 2773 242 2825 ,et
262 2758 411 2836 addidit,
439 2778 557 2826 omues.
604 2761 700 2860 Quae
722 2757 866 2840 adjectio
889 2778 990 2846 omnp
1010 2755 1105 2821 sunus
1126 2756 1186 2822 sub
1248 2805 1250 2813 .
1352 2741 1356 2750 ’

75 2845 146 2907 hoc
165 2841 266 2906 titulo
287 2844 474 2908 humanum
497 2860 683 2909 connexum
702 2863 820 2931 genua.
853 2841 1040 2940 „Denique
1056 2838 1094 2904 in
1108 2861 1188 2905 con·

75 2924 294 3011 sequentibue
316 2924 418 2991 dicit:
440 2930 505 2990 Voa
529 2943 640 2992 autem
662 2944 701 2991 ut
718 2925 872 2992 homines
886 2922 1102 3002 moriemini3
1123 2945 1185 2987 un·
1287 2965 1297 2974 -

77 3009 123 3072 de
152 3023 186 3072 et
213 3007 298 3072 illud
319 3011 410 3094 quod
432 3008 591 3096 scriptum
615 3009 674 3087 est,
705 3013 750 3074 Et
770 3005 972 3094 recogitavit
991 3009 1085 3072 Deua
1106 3005 1188 3154 guia

77 3090 172 3161 seuit·
194 3089 366 3156 hominem
389 3092 489 3180 super
509 3093 650 3169 terram,'
680 3110 714 3159 et
734 3091 907 3181 poenituit
925 3088 963 3154 in
986 3091 1086 3154 corde
1120 3111 1186 3166 not

75 3190 118 3239 et.
136 3173 221 3238 dixit
241 3177 351 3250 Deus,
376 3178 700 3242 deleam'hominem
723 3199 822 3265 quem
845 3173 911 3240 ieci
932 3195 950 3239 a
970 3173 1186 3247 facietenae,

74 3277 152 3322 non
183 3258 290 3322 solum
311 3279 374 3343 pro
396 3259 527 3325 excidio
551 3261 673 3325 diluvii
694 3260 823 3326 dictum
843 3274 945 3346 puto,
981 3256 1039 3320 sed
1060 3255 1189 3345 aliquid

76 3361 120 3406 ex
150 3343 216 3406 hoc
238 3339 338 3404 etiam
360 3342 418 3406 sub
440 3343 593 3424 mysterio
617 3347 659 3410 de
683 3343 804 3408 suturie
823 3339 1056 3428 praedictum,
1087 3357 1127 3405 ut
1146 3359 1188 3404 eo
1207 3379 1214 3402 .

73 3425 181 3490 modo
202 3423 365 3488 sentiatur
386 3429 479 3512 quod
501 3426 630 3504 dictum
653 3428 711 3491 est:
736 3429 874 3491 Deleam
888 3421 1073 3498 hominem,
1096 3423 1190 3510 quod

76 3522 114 3571 et
135 3525 195 3596 per
214 3509 418 3594 Prophetam
440 3511 532 3576 Deus
559 3511 660 3576 dicite
687 3513 777 3575 Ecce
797 3508 887 3573 enim
912 3509 1008 3572 deleo
1029 3505 1190 3592 iniquita·

76 3607 132 3654 teu
163 3605 257 3668 tuae,
289 3597 330 3653 ut
349 3595 497 3674 nubemt
530 3609 571 3657 ut
590 3593 746 3658 videatur
767 3594 882 3658 delens
904 3612 982 3655 eum
1004 3589 1190 3653 secundum
1280 3600 1298 3616 ··

75 3678 147 3738 hoo
178 3676 270 3760 quod
298 3676 401 3740 homo
424 3676 495 3773 est..
515 3677 588 3763 posi
608 3679 692 3742 haee
713 3677 821 3740 facere
836 3696 920 3738 eum
942 3675 1071 3746 Deum,
1105 3686 1190 3740 tunc
1252 3751 1260 3776 x
1347 3751 1350 3764 Ι

75 3777 157 3822 eum
189 3755 263 3821 erit
278 3760 372 3824 Deue
401 3779 517 3826 omma
544 3759 582 3824 in
615 3757 804 3826 omnibua.'’
854 3759 1019 3844 Magnum
1053 3775 1190 3900 quopue

75 3842 212 3906 Theolo
261 3865 294 3906 m
326 3842 526 3929 Gregorium
554 3841 592 3907 in
623 3843 755 3908 decimo
785 3839 927 3927 septimo
957 3860 995 3904 ca
1020 3837 1106 3901 itulo
1143 3858 1190 3901 er·

75 3922 193 3989 monia
238 3929 346 3989 elma
372 3927 428 3990 'ne
450 3926 680 4014 disputantem
702 3922 743 3991 de
766 3923 984 3988 humanitate·
996 3861 1107 4008 iegati,
1128 3919 1190 3985 ubi

76 4005 143 4072 ait:
176 4005 295 4090 „Quid
323 4031 341 4074 e
409 4012 479 4075 uod
502 4013 544 4076 de
565 4009 619 4075 hie
640 4007 852 4096 cogitamus?
883 4005 990 4070 sermo
1013 4003 1071 4091 qui
1093 4003 1188 4080 dicit,

76 4089 172 4188 feeit·
190 4093 284 4155 Deua
313 4033 507 4172 hominem,
535 4091 672 4160 infinita
699 4087 945 4180 significatione
971 4109 1106 4186 omnem
1128 4090 1189 4151 hu·

78 4187 280 4240 manitatem
300 4175 463 4244 osieudite
498 4199 570 4246 non
592 4175 685 4246 enim
704 4197 799 4248 nunc
820 4187 1082 4262 connominatur
1101 4191 1190 4272 crea·
