2930 4982
495 239 604 318 mer
623 243 784 333 mear.
1105 243 1186 315 m
1256 197 1265 212 ¹

81 426 177 494 deellt
209 425 309 499 nobie
336 423 533 514 potestatem
559 449 621 528 per
648 427 862 512 nativitatem
890 449 930 493 ex
958 408 1077 516 spiritu
1098 429 1187 496 filiot

79 509 164 587 Dei,
188 531 251 598 pro
273 508 383 580 carnia
398 527 433 576 et
453 511 634 610 sanguinis,
658 511 731 577 fieri
753 510 967 578 medentibue
988 511 1025 576 in
1046 515 1188 580 nomine

80 599 184 674 ejue.”
227 595 273 660 Et
293 597 378 659 haee
398 595 442 660 eil
461 595 676 683 invidiaque
697 595 842 660 maxime
862 595 951 660 intra
978 596 1187 684 semetipsam

81 675 250 745 diabolica
269 677 413 764 punitur
432 677 612 766 iniquitae;
635 695 811 765 torquetur
824 677 914 742 enim
927 700 1083 765 magnam
1098 701 1190 745 eom·

78 781 286 848 muneraque
305 761 582 827 resurrectionem
598 765 765 826 humanae
782 761 997 836 substantiae,
1021 762 1188 828 omnium·
1214 797 1230 840 s

81 865 148 932 que
168 844 206 908 in
229 865 267 908 ea
289 842 469 910 vifibilium
488 844 525 909 in
546 845 790 911 immutabilem
805 844 1108 920 immortalitatem.
1132 849 1187 910 de·
1243 851 1249 863 “

103 949 147 992 ue
179 927 237 1009 lua
264 929 425 1014 potestate
453 929 502 992 ela
529 929 594 993 sam
625 927 855 1016 prospieiena;
898 949 997 1015 quam
1027 927 1188 995 videlieet

79 949 292 1108 iubllantiam
315 1011 480 1104 subditam
502 952 561 1076 ibi
583 1028 684 1100 atque
704 1011 872 1110 captivam
886 1011 1024 1109 penitae
1042 1013 1186 1112 abolere,

78 1115 252 1274 tlte?
262 1108 464 1243 titillat
478 1099 1188 1244 ”⁰333elettlztffitttlzllzliffi

80 1263 279 1346 corporibus
301 1276 335 1325 et
354 1261 391 1326 in
415 1281 512 1326 ootru
539 1262 667 1328 tionem
688 1260 854 1326 redeundi
876 1261 1024 1338 desierit,
1059 1261 1097 1327 in
1119 1283 1188 1350 quo

79 1343 221 1428 potestat
242 1343 375 1432 antiqui
395 1343 496 1410 hollia
513 1287 731 1410 lemaneuitt
757 1349 795 1409 ln
817 1346 924 1410 nullo.

142 1441 193 1504 30.
216 1429 259 1489 D.
281 1429 374 1492 liaeo
396 1429 509 1493 omnia
521 1428 689 1516 probabili
704 1427 904 1492 auctoritate
921 1442 955 1492 et
969 1425 1101 1494 ratione
1115 1429 1188 1494 sub·

80 1507 169 1576 nixa
190 1509 253 1573 elle
281 1510 433 1576 arbitror.
479 1514 545 1577 Sed
577 1515 687 1577 adhue
706 1511 803 1575 restat
824 1509 1019 1575 difficillima
1041 1512 1119 1588 illa,
1148 1527 1190 1576 ut

79 1591 165 1658 mihi
187 1590 341 1668 videtur,
365 1595 528 1681 quaestio,
551 1593 678 1683 inquo
701 1593 865 1694 suppliqia
884 1592 941 1658 illa
962 1611 1077 1692 erunt,
1095 1616 1188 1742 lquae

79 1695 149 1742 non
173 1675 280 1740 folum
301 1677 454 1755 diabolo,
477 1677 719 1744 verumetiam
743 1699 857 1764 rmpna
878 1678 1075 1742 hominibus
1110 1695 1188 1742 utu·

76 1779 116 1824 ra
142 1757 259 1824 divina
287 1759 422 1825 rellatu'r
442 1761 635 1828 a‘uetoritae.
678 1759 776 1836 Verbi
797 1759 922 1848 gratia,
959 1777 998 1824 ut
1018 1783 1125 1847 pauca
1147 1783 1189 1826 ex

77 1840 195 1908 multia
226 1842 452 1910 introducam.
494 1846 663 1911 Dominus
698 1843 735 1909 iu
756 1843 943 1932 Evangelio
963 1844 1135 1932 promittit
1154 1847 1188 1910 le

80 1925 274 1993 dicturumt
306 1930 486 1994 Discedite
515 1953 538 1993 o
567 1953 618 1995 me
638 1929 809 1994 maledieti
829 1931 990 2010 inignem
1012 1943 1190 2005 oeternum,

76 2011 139 2094 qui
164 2023 305 2090 paratus
325 2011 376 2162 (ql
396 2013 545 2080 Diabolo
565 2027 600 2078 et
619 2014 748 2097 angelis
767 2014 857 2114 ejusr
889 2009 950 2074 ubi
973 2011 1116 2077 ostendit
1135 2034 1189 2078 ae·
1233 2011 1236 2025 ’

81 2108 179 2158 terno
216 2092 296 2180 igue
348 2097 496 2162 iabolum
525 2112 559 2162 et
589 2100 726 2185 angelos
758 2118 829 2176 equs
851 2095 990 2159 arsuros.
1031 2099 1076 2159 Et
1096 2099 1191 2184 quod

79 2175 242 2492 fefriptum
269 2177 314 2242 ell
344 2180 382 2245 in
410 2181 625 2267 Apoealypli3
655 2181 825 2246 Diabolus
851 2172 1103 2268 qui’seducebat
1125 2203 1210 2257 rosa„

81 2265 127 2323 mi
156 2283 193 2326 us
213 2257 263 2350 est
283 2265 318 2326 in
333 2262 487 2355 stagrmm
509 2269 597 2348 ignis
618 2278 651 2328 et
661 2261 853 2358 sulphuris,
887 2285 951 2348 qno
975 2277 1010 2327 et
1028 2263 1133 2353 bestia
1155 2279 1191 2330 et

75 2344 384 2429 peudopropketae
418 2349 646 2412 curciabuntur
675 2349 731 2412 elie
752 2360 786 2411 et
804 2358 899 2412 nocte
920 2348 954 2409 in
964 2341 1083 2440 secuda
1092 2345 1190 2438 seeu-
1237 2405 1239 2410 .

93 2450 193 2494 orum.
236 2429 301 2493 Ubi
332 2432 500 2496 vocabulo
523 2431 594 2496 diet
614 2429 836 2517 intelligimur
858 2444 1005 2515 apertam
1027 2431 1190 2518 angelici·

80 2509 306 2598 humanisque
332 2513 426 2601 puris
459 2513 689 2579 intellectibus
709 2513 892 2599 impiorum
918 2512 1188 2592 damnationem

78 2601 187 2662 noetis
212 2616 295 2660 vero
332 2613 452 2684 tropo,
487 2597 623 2662 'divinae
643 2597 830 2661 sententiae
850 2595 1060 2682 incognitam
1082 2598 1191 2663 omni-

79 2681 144 2744 bur
164 2679 442 2766 profunditatem.
476 2683 522 2745 Et
545 2679 774 2745 animadverte
795 2681 888 2778 quod
901 2699 1076 2744 nunonon
1091 2701 1191 2768 quae·
1322 2691 1325 2698 ⁴

79 2784 118 2828 ro
149 2765 191 2827 de
222 2762 383 2860 qualitate
403 2764 645 2852 suppliciorum
667 2778 702 2828 et
720 2763 910 2839 localitat03
945 2762 1022 2828 fatie
1042 2785 1190 2851 namque

77 2846 116 2910 in
140 2847 366 2934 superioribus
388 2864 525 2914 auctore
546 2847 715 2912 Ambrosio
742 2846 871 2911 iualum
894 2843 938 2910 eil
957 2847 1051 2910 nulla
1072 2869 1190 2935 eorpo-

78 2928 180 3005 ralia,
211 2930 271 2993 vel'
292 2931 430 3008 localia,
461 2932 517 2997 vel
545 2929 726 3005 lenfibilia,
754 2931 811 2993 vel
839 2928 1035 3016 temporalia
1063 2932 1189 2996 futura.

77 3016 152 3078 Nec
172 3013 361 3098 immerit03
383 3035 462 3078 natu
508 3015 555 3078 ost
575 3012 901 3090 consummationem
915 3011 1055 3087 mundi,
1076 3035 1189 3102 neque

78 3097 266 3183 corporalia
286 3119 330 3162 ne
354 3119 398 3162 ue
418 3037 581 3162 lenlibilia
603 3114 722 3171 erunt,
746 3117 858 3184 neque
880 3097 954 3161 loen
975 3117 1087 3184 neque
1107 3113 1190 3162 tem·

78 3120 1190 3332 {aa0³3„alterare„{utilitatatem

75 3347 125 3412 rit
147 3347 301 3412 omnium
322 3367 502 3434 corporum
524 3289 755 3434 ipiritualitam
779 3347 933 3412 omnium
951 3349 1105 3414 locorum
1118 3349 1190 3414 fim-

75 3429 231 3518 plioitea,
254 3429 396 3496 omnino
418 3429 532 3520 spatiis
547 3451 682 3506 cotenu
706 3427 860 3496 omnium
876 3447 1069 3515 temporum
1087 3446 1190 3496 aeter·
1283 3465 1288 3482 ·

76 3512 356 3600 uitandumque
378 3513 611 3579 aeternitatem
633 3513 742 3600 ignia,
777 3517 818 3580 ele
839 3535 907 3601 quo
931 3515 1100 3579 Dominae
1123 3513 1191 3578 die·

76 3613 182 3660 turua
198 3595 260 3660 ellt
302 3599 484 3662 Discedere
511 3619 534 3660 o
563 3621 613 3660 me
634 3599 805 3661 maledieti
824 3601 859 3660 in
879 3602 986 3680 ignem
1007 3611 1192 3662 autemnam:

78 3696 116 3745 et
139 3678 238 3757 alibi,
258 3680 364 3746 Ibunt
384 3679 443 3766 isti
463 3683 497 3745 iu
507 3681 714 3772 supplicium
735 3693 922 3747 oeternum:
940 3679 1023 3744 item
1042 3679 1080 3744 in
1102 3683 1190 3766 Apo·
1214 3713 1219 3718 ·

75 3763 224 3849 calypfi,
244 3767 294 3828 Et
315 3765 548 3829 erueiobtmtut·
566 3765 623 3830 die
643 3779 800 3850 nocteque
820 3767 855 3827 irr
864 3761 983 3858 secula
991 3760 1189 3852 seculorum,

73 3867 152 3914 uon
178 3850 220 3912 de
241 3846 464 3913 diuturnitate
486 3849 595 3935 deque
614 3846 742 3913 infamio
758 3863 825 3912 tem
853 3845 994 3912 oralium
1006 3846 1192 3912 revolutio·

74 3951 166 3996 num
186 3929 453 4016 prolixitatibur‚
474 3951 594 3996 verum
617 3934 659 3997 elo
678 3871 890 3996 irrevocalili
913 3945 947 3994 et
967 3929 1190 3996 incommuta·

76 4012 144 4078 bili
174 4011 335 4094 justiffimi
361 4012 485 4096 judicie
501 4014 678 4079 iententia
703 4013 893 4114 intelligere
916 4013 1086 4081 debemur.
1128 4017 1190 4080 Ea·

79 4099 162 4163 dem
191 4095 277 4162 ratio
306 4098 351 4162 est
381 4103 423 4165 de
450 4097 648 4164 aeternitate
666 4099 785 4164 beatae
803 4111 913 4162 ratae:
942 4097 979 4162 in
1023 4121 1067 4163 ua
1089 4096 1190 4163 etiam

77 4181 177 4249 nttlla
198 4180 396 4268 temporalia
417 4180 523 4272 spatia
542 4181 805 4280 iuteHiguutur,¹
819 4203 924 4270 quum
944 4180 982 4251 in
1001 4121 1107 4271 leipfa
1128 4181 1194 4268 irn-¹
