2948 4978
231 197 263 294 '.
304 227 364 304 ae
452 185 457 196 ’
521 205 527 216 “
636 229 692 300 oe
708 229 891 302 mune
909 226 1085 302 naam.

304 414 463 516 recident
491 409 554 516 eii,
580 414 678 513 guod
705 415 748 480 de
774 399 849 481 Deo
877 394 1099 516 eirinnllum
1119 413 1281 517 aedifi..
1296 429 1336 516 et
1349 413 1408 564 goi

306 501 432 564 accrdrt
450 501 554 573 nulla,
577 521 614 562 tn
638 498 733 564 nullo
756 518 801 563 ue
820 497 892 564 inte
1027 545 1039 577 ,
1063 513 1099 564 et
1116 501 1250 566 nullum
1269 519 1307 564 an
1325 522 1360 587 tp
1375 515 1407 580 o,

305 580 452 669 impium
479 584 613 648 eredere
646 580 700 646 eii.
776 581 894 650 ‚Satio
939 585 1043 650 ehao
1063 581 1241 672 categoria
1262 581 1409 671 diaputa·

168 702 172 715 ‹
305 680 381 730 turn
402 666 446 730 est
466 680 507 729 ut
527 663 678 730 arbitror.

368 763 419 828 23.
440 749 490 814 M.
513 747 607 834 Quid
627 745 755 834 igituri
777 769 894 814 nonne
915 769 956 815 ex
970 745 1025 813 hie
1038 768 1124 835 qnae
1136 747 1308 835 praedicta
1319 748 1407 826 iuno

306 833 350 898 de
376 831 515 896 caeteri·
545 830 729 916 categoriis
759 830 904 910 breviter
922 833 1100 919 possumne.
1113 831 1297 920 colligere?
1329 822 1434 897 Non'

306 913 400 980 enim
420 917 513 980 Deue
533 916 645 992 loeus,
677 935 789 1000 neque
810 930 942 1003 tempu·
962 915 1025 994 esta
1057 930 1204 981 attamen
1224 917 1320 982 locu·
1340 935 1410 980 om·

303 997 402 1064 nium
422 995 615 1064 translative
637 995 779 1074 dicitur,
804 1014 839 1063 et
859 1015 1009 1085 tempus,
1041 1019 1120 1063 cum
1143 998 1297 1066 omniurn
1316 997 1408 1063 loco·

303 1103 381 1146 rurn
411 1096 479 1148 tem
505 1102 670 1168 orumqne
691 1081 788 1146 cruia
808 1082 865 1146 est.
906 1081 1070 1148 Omnium
1091 1080 1218 1170 quipp'e
1237 1079 1410 1146 ¹definitio-

303 1185 384 1240 nea,
415 1105 507 1252 quai
555 1164 670 1229 uidam
696 1161 785 1240 loci,
818 1163 856 1230 in
885 1162 958 1265 ipio
990 1165 1180 1241 subiistnut3
1217 1179 1253 1231 et
1274 1166 1315 1229 ab
1336 1160 1412 1248 ipio

304 1249 396 1336 quafi
416 1270 436 1313 a
455 1186 601 1336 quoiam
623 1262 789 1333 tempore,
820 1270 881 1346 per
937 1249 1010 1314 sum
1030 1247 1138 1314 veluti
1158 1269 1219 1333 per
1239 1248 1410 1333 quoddam

302 1346 458 1424 tempure,
481 1345 515 1396 et
535 1330 571 1394 in
594 1327 704 1416 ipsum
726 1332 833 1396 velun
854 1329 891 1396 in
934 1353 1013 1396 nem
1025 1333 1192 1418 quendam
1205 1345 1408 1417 temporum,

302 1431 419 1482 motua
454 1411 607 1479 omnium
635 1427 670 1476 et
693 1411 818 1499 incipit
843 1427 879 1478 et
898 1428 1068 1490 movetur,
1102 1429 1136 1478 et
1156 1412 1291 1489 definit;
1327 1413 1419 1478 dum,

238 1517 241 1524 ·
303 1495 316 1562 i
343 1499 375 1563 ie
404 1517 470 1562 nec
496 1496 530 1560 se
557 1510 694 1562 moveat
720 1517 782 1582 per
802 1511 954 1584 tempor,
983 1518 1049 1562 nec
1072 1499 1112 1562 ab
1134 1496 1202 1561 alio
1220 1510 1408 1562 moveatur.

306 1523 401 1666 guid
422 1578 540 1644 enimi
569 1601 649 1645 uam
673 1579 698 1644 fi
725 1579 862 1679 proprie
892 1582 987 1646 locut
1018 1580 1187 1645 diceretur
1209 1594 1245 1644 et
1264 1595 1408 1664 tempato.

300 1663 476 1754 videretur
496 1683 568 1728 non
589 1677 681 1726 extra
701 1682 816 1728 omma
861 1685 896 1730 er
916 1663 1150 1730 excellentiam
1171 1660 1337 1736 effentiae,
1351 1661 1410 1726 [ed

301 1745 340 1812 in
372 1767 515 1812 numero
543 1744 696 1812 omnium
724 1767 810 1844 quae
829 1685 909 1812 iiant
929 1745 1070 1812 includi.
1114 1750 1225 1811 Locus
1245 1743 1410 1831 liquidem

301 1843 342 1978 rt.
365 1845 521 1978 erut
543 1829 1411 1981 nannenten·„neuen

301 1992 374 2072 stit,
406 2011 442 2060 et
463 1934 544 2059 fincil
552 1993 675 2082 quibua
696 1996 760 2060 effe
780 2016 851 2062 non
871 1995 988 2083 potest.
1030 1935 1195 2081 lieoquea
1229 1993 1410 2060 aGraeoia

302 2077 464 2144 dicuntur
476 2064 565 2144 'ssN
589 2071 731 2145 iurari
753 2082 838 2158 πᾶν,
862 2077 899 2145 id
920 2079 980 2155 eii.
1010 2078 1079 2144 fine
1100 2077 1222 2165 quibua
1244 2075 1409 2142 Univerfi·

165 2173 170 2207 ²
301 2177 352 2226 tat
374 2164 437 2229 effe
457 2183 528 2228 non
549 2161 660 2226 valet:
683 2163 795 2228 Omne
816 2160 907 2227 enim
928 2165 1020 2250 quod
1042 2161 1079 2228 in
1099 2164 1229 2228 mundo
1254 2161 1314 2236 est,
1335 2181 1410 2226 mo·

300 2243 1144 2394 {tinttptttitrtfltitjffattritio.
1165 2238 1410 2392 iiiiii?

298 2431 366 2490 nee
395 2375 574 2488 defiriiturt
606 2350 686 2476 nlim
713 2413 808 2476 locut
837 2373 904 2510 qtio
934 2410 1144 2476 definiuntur
1176 2407 1291 2475 omnia
1319 2411 1407 2488 ioca,

301 2494 398 2559 locua
426 2497 579 2561 locorum
599 2494 660 2570 οὓς
691 2510 726 2559 et
746 2494 825 2581 quia
845 2495 902 2558 tlie
924 2516 943 2559 a
962 2497 1058 2560 nullo
1079 2497 1226 2570 locatur,
1246 2491 1314 2558 ied
1334 2514 1409 2560 om·

300 2576 359 2642 nia
379 2577 468 2642 intra
489 2579 522 2642 fe
543 2579 705 2652 collocat,
727 2599 799 2642 non
819 2578 932 2654 locus,
955 2577 1013 2642 fed
1033 2579 1211 2664 plusquam
1231 2577 1327 2641 locut
1350 2577 1408 2642 eii.

298 2661 444 2726 Anull'o
465 2683 610 2748 namque
632 2659 809 2736 definitur,
831 2660 889 2726 sed
909 2659 1023 2726 omnia
1046 2658 1175 2724 definit.
1219 2658 1326 2726 Causa
1343 2659 1409 2748 igi·

297 2758 356 2808 tur
375 2743 420 2809 est
444 2743 607 2810 omnium.
650 2746 780 2808 Eodem
799 2745 903 2808 modo
924 2743 1021 2808 causa
1041 2758 1233 2828 temporum
1253 2757 1409 2830 tempora

120 2796 122 2812 Ι
191 2868 194 2874 -
298 2844 429 2905 movet;
452 2827 521 2915 ipsa
542 2839 622 2891 tero
645 2848 664 2890 a
685 2828 797 2904 nullo,
818 2826 856 2892 in
877 2829 972 2891 nullo
988 2841 1138 2913 tempore
1154 2840 1320 2892 movetur.
1350 2827 1409 2890 Est

298 2909 391 3009 enim
411 2913 588 2999 plnaquam
612 2925 764 2996 tempus,
800 2924 835 2974 et
853 2911 1031 3008 pluaquam
1051 2925 1173 2975 motua.
1216 2909 1289 2974 Nee
1308 2909 1408 2976 locate

152 3009 164 3016 ·
298 2993 419 3081 igitur,
448 3014 513 3058 nec
540 2995 691 3078 Tempua
721 2991 775 3058 est.
816 2995 867 3057 lta
895 2996 1031 3080 qurdem
1059 2991 1264 3058 etiamslnce
1283 2993 1409 3060 clarina

298 3091 461 3161 apparent
481 3096 567 3161 quae
588 3075 678 3138 dicta
699 3074 794 3152 sunt,
815 3073 853 3140 in
877 3091 1011 3141 tantum
1029 3091 1069 3139 ut
1088 3077 1155 3155 jani
1176 3097 1270 3140 nunc
1292 3077 1334 3140 de
1346 3097 1409 3142 na·
1459 3141 1460 3161 ἢ

299 3173 374 3221 tura
390 3159 478 3222 'Care
502 3156 669 3230 uriarum,
702 3160 810 3244 deque
831 3179 945 3223 earum
965 3159 1184 3224 translatione
1204 3156 1243 3224 in
1267 3157 1409 3226 divinae

297 3238 454 3304 effentiae
479 3179 778 3326 ignificationem,
816 3239 893 3306 satie
923 3239 1051 3306 dictum
1080 3240 1236 3306 videatur
1265 3259 1410 3329 propter

297 3337 448 3397 caetera,
477 3343 563 3408 quae
583 3324 626 3386 ad
646 3323 800 3408 praeiens
821 3323 997 3410 negotium
1019 3323 1197 3388 neeefforio
1217 3323 1407 3411 pertinent.

358 3415 409 3486 24.
432 3407 563 3470 Horum
585 3407 701 3471 decem
722 3409 892 3476 Generum
913 3425 1057 3494 quatuor
1077 3406 1114 3470 in
1135 3407 1219 3470 statu
1239 3406 1334 3483 iuna,
1366 3408 1408 3474 id
1458 3447 1459 3458 .

296 3487 358 3567 est,
381 3479 499 3566 οὐσία,
522 3487 718 3574 Quantitas,
742 3487 852 3566 Sitne,
883 3494 1012 3556 Locus:
1044 3493 1108 3556 Sex
1130 3510 1210 3556 vero
1231 3487 1269 3553 in
1289 3507 1404 3568 motu,
1458 3487 1459 3511 ¹

297 3572 468 3658 Qualiter,
498 3569 646 3646 Relatio,
675 3572 837 3649 Habitus,
866 3576 1033 3661 Tempus,
1055 3577 1179 3658 Agere,
1200 3573 1287 3641 Pati.
1330 3578 1409 3641 Nec

296 3670 331 3719 te
359 3657 461 3721 latere
490 3657 557 3721 hoc
578 3653 721 3720 aestimo.
765 3659 813 3722 D:
843 3660 915 3722 imo
935 3655 1021 3722 mihi
1043 3657 1129 3720 clare
1177 3671 1266 3736 atet,
1299 3679 1339 3723 ac
1362 3661 1409 3724 de

294 3737 348 3802 hia
375 3739 431 3804 nii
455 3737 597 3824 amplius
626 3739 839 3824 quaesterimt
870 3739 928 3804 sed
958 3737 1146 3826 quorsum'
1199 3738 1247 3804 oi
1282 3741 1332 3810 M.
1358 3743 1410 3806 Ut

295 3821 377 3884 sciar
403 3822 504 3908 plane
531 3823 648 3886 decem
669 3843 791 3908 genera
812 3820 983 3908 praedicta
1004 3819 1078 3887 aliie
1101 3824 1234 3888 duobus
1255 3823 1410 3911 superio·
1457 3797 1458 3861 i

293 3901 387 3968 ribur
408 3903 740 4001 generalioribusque
761 3902 1022 4002 comprehenrii,
1043 3921 1141 3970 motu
1160 3906 1205 3971 [c.
1226 3922 1328 3996 atque
1346 3907 1410 3972 tta-

294 4000 471 4138 tout
491 3985 1412 4172 tur,attaminarentur

295 4151 414 4220 [nevit.
430 4185 443 4199 =
457 4157 501 4222 D.
522 4155 599 4222 Hoc
618 4155 717 4264 valde
737 4152 836 4232 libet,
870 4171 1009 4245 propter
1030 4177 1088 4226 eoa
1109 4177 1168 4244 qur
1187 4171 1327 4245 putant,
1365 4155 1410 4224 in

1455 4361 1456 4374 t

1455 4403 1456 4426 i

1453 4603 1455 4622 i
