2930 4982
1271 71 1278 106 l

310 219 421 293 aaav
643 173 1094 332 aerumnam.

310 405 520 472 mutabiliter
540 419 759 492 permaneus,
779 405 881 498 'super
900 407 1386 495 omniatenpornuuloprtn-

311 490 404 578 cipio
426 491 483 554 seu
503 488 573 554 fine
590 489 821 574 ,conueniat
854 493 946 558 Hinc
967 492 1181 564 consectum,
1202 511 1293 560 omne
1314 497 1387 579 qaod

311 590 486 639 aeternum
517 571 658 650 dicitur,
687 573 727 638 in
755 575 831 641 Deo
852 578 1068 642 solummodo
1092 573 1252 661 intelligi;
1280 597 1319 640 ae
1335 577 1389 642 ulla
1433 635 1434 660 ,

310 656 491 724 aeternitas
521 656 725 722 existimetur
751 673 843 724 extra
872 683 968 734 eum,
1004 657 1063 747 qui
1092 659 1182 724 talus
1202 671 1340 728 semmua
1357 659 1390 726 at

202 789 208 800 .
310 756 347 806 et
368 741 558 806 aeternitas.
601 745 669 812 Aut
691 739 783 808 enim
804 742 998 810 intonantia
1017 739 1258 823 juuiffimorum
1277 747 1337 822 eju
1352 746 1389 822 ju

197 896 202 908 p
311 822 481 892 diciorum
503 823 660 889 severitas
669 835 683 894 ,'
703 846 768 911 qua
788 826 905 914 puniri
925 825 1002 894 sinit
1023 825 1060 892 in
1082 824 1198 912 impiis
1219 823 1391 892 irrevocabi-

306 905 389 972 liter
409 909 502 994 quod
522 927 593 972 raon
617 907 717 983 fecit;
740 923 799 972 aut
818 909 999 978 ineffabilia
1021 925 1055 974 at
1075 909 1321 996 supernaturalia
1334 912 1391 986 ejus

351 992 434 1063 etia,
466 1011 531 1077 qua
562 1015 643 1076 quita
668 985 850 1144 praescivit
882 1009 917 1060 et
944 988 1210 1082 praedestinavit
1234 987 1391 1079 conformet

264 1127 269 1149 ,
301 1013 544 1173 fiiriimpgim'
555 1071 714 1174 filiisni,
762 1077 874 1143 eistat
895 1099 936 1142 ac
955 1071 1053 1163 stipes
1074 1075 1195 1146 amula
1209 1077 1336 1151 exaltat,
1354 1095 1392 1138 aa

311 1175 478 1223 ternrtatrs
500 1180 640 1223 nomme
661 1178 772 1226 rectae
791 1161 934 1227 rationis
956 1159 1114 1227 contuitu
1135 1158 1314 1247 accipitur,
1332 1177 1394 1222 cura

309 1242 398 1306 nihil
426 1245 500 1306 Deo
528 1260 745 1311 coaeternum
775 1245 841 1320 est,
876 1260 934 1310 aut
955 1268 995 1310 ex
1017 1245 1181 1311 diametro
1204 1240 1392 1308 casuarium.

311 1325 385 1423 lpse
420 1324 581 1412 squidem
615 1327 711 1392 solua·
724 1329 760 1392 in
783 1328 836 1393 bis
859 1349 944 1426 quse
966 1327 1097 1414 inipso
1124 1328 1203 1392 suut
1224 1323 1394 1390 etseliciter

310 1425 452 1484 vivunt,
484 1424 639 1475 aeternus
662 1409 706 1475 esi
726 1435 786 1498 per
808 1427 988 1510 graturtarn
1010 1410 1172 1508 gratiam3
1209 1409 1245 1474 in
1266 1407 1418 1494 hinvno,

310 1514 397 1578 quae
427 1508 517 1556 extra
544 1492 657 1579 ipsum
679 1494 776 1574 sunt,
808 1517 886 1561 eum
909 1499 949 1559 ab
971 1499 1043 1582 aplo
1066 1517 1136 1560 non
1159 1494 1242 1566 lint,
1275 1490 1396 1574 ideoque

308 1574 462 1662 quamvis
492 1575 648 1642 dicautur
680 1581 762 1655 else,
792 1578 935 1662 omnino
965 1599 1036 1644 nou
1069 1579 1164 1654 sunt,
1203 1590 1348 1642 aeternus
1365 1569 1397 1635 all

307 1681 369 1746 per
400 1660 547 1724 severam
577 1661 788 1728 sententiam.
832 1665 911 1728 Non
944 1661 1061 1748 itaque
1082 1675 1116 1725 te
1137 1679 1233 1725 nunc
1252 1659 1397 1724 interrae

309 1746 351 1808 de
372 1742 626 1829 corporalitate,
649 1746 706 1810 seu
725 1748 914 1820 localitate,
950 1745 1007 1810 seu
1029 1742 1277 1830 temporalitate
1296 1677 1397 1826 [appii

308 1825 460 1910 ciorum3
491 1825 708 1913 spiritualiter
729 1829 821 1894 enim
843 1831 958 1894 sutura
978 1828 1160 1915 impiorum
1185 1837 1344 1892 tormenta
1360 1843 1398 1884 ιιι·

305 1910 490 1997 talligends
513 1909 607 1974 sun-ta
639 1913 696 1976 sed
720 1916 831 1978 adbuc
851 1933 975 1998 quaero
997 1910 1033 1978 in
1055 1931 1180 1998 quare
1203 1911 1352 1980 debenus
1369 1922 1397 1968 θ’

308 1997 461 2067 credere,
480 1993 746 2082 vel'intelligere
768 1998 882 2061 sutura
901 1997 984 2072 affra
1023 2015 1095 2060 non
1118 1993 1211 2058 enim
1232 1991 1399 2080 putandup

308 2079 353 2142 est
374 2078 524 2156 subjecto
547 2074 659 2162 aliquo
681 2101 809 2145 careret
845 2078 1035 2145 accidentia
1056 2075 1184 2176 quippe
1206 2078 1285 2140 sunt
1302 2071 1399 2156 simph-

307 2160 370 2226 cia.
414 2160 450 2224 Si
486 2173 598 2224 autem
627 2162 760 2227 nullum
798 2161 955 2227 accidens
978 2162 1022 2228 est
1041 2161 1103 2227 msa
1126 2160 1163 2226 in
1186 2162 1350 2241 subiecto,
1376 2166 1400 2216 et

306 2265 409 2308 omne
429 2244 618 2325 subjectum
638 2265 690 2308 rea
705 2245 822 2332 ‚aliqua
845 2246 890 2310 est
909 2267 970 2332 per
990 2246 1023 2308 se
1044 2244 1238 2317 subfistenat
1261 2235 1399 2327 supplicia
1433 2241 1434 2320 ξ

304 2325 412 2414 igitur
440 2326 476 2391 in
508 2326 659 2406 subjecto
692 2329 805 2415 aliquo
826 2351 898 2415 .per
930 2329 964 2392 se
992 2327 1183 2392 subsiliente
1211 2327 1323 2390 sutura
1353 2319 1400 2384 est

305 2411 437 2476 nocella
467 2410 521 2475 eil.
569 2411 693 2484 Porro,
729 2413 751 2476 [ι
781 2433 882 2476 ornae
914 2413 1008 2498 quod
1036 2433 1097 2497 per
1125 2409 1159 2476 se
1188 2407 1340 2504 subsistit,
1370 2404 1399 2464 ab

305 2515 350 2562 eo
389 2493 448 2581 qui
482 2493 637 2591 omnium
673 2495 915 2561 subsistentium
954 2494 1050 2558 causa
1092 2494 1157 2590 esi,
1212 2493 1399 2590 substitutum

307 2577 370 2655 οὓς
406 2582 531 2656 (omna
569 2599 697 2675 quippe
718 2581 819 2676 ‘quod
849 2600 867 2641 a
899 2578 996 2676 causa
1029 2599 1185 2646 omnium
1213 2576 1401 2673 substitututp

306 2681 378 2726 uon
416 2661 477 2735 et,
518 2675 657 2759 penitus
690 2664 778 2726 nrbtl
809 2661 870 2737 est,
914 2677 948 2726 et
974 2683 1012 2732 an
1040 2681 1185 2725 numero
1214 2659 1400 2724 earslenttun

167 2795 171 2817 .
303 2767 374 2810 non
405 2744 562 2820 subsistat)
590 2741 761 2830 sequitant
797 2760 838 2808 ut
867 2742 904 2810 iu
938 2743 1048 2828 aliqua
1087 2743 1269 2808 substantia
1300 2762 1317 2804 a
1344 2741 1402 2800 Dea

304 2827 494 2902 substituta,
517 2827 759 2912 suppliciorum
782 2826 951 2893 calamitas
975 2825 1207 2891 constituatur.
1233 2825 1288 2912 „st
1310 2837 1401 2886 auten

304 2915 372 2976 boc
394 2913 509 2976 datum
531 2911 652 2993 fuerit3
679 2909 851 2976 confestim
872 2910 931 2974 illa
947 2909 1033 2974 ratio
1055 2909 1247 2985 vacillabit,
1270 2927 1350 2994 quae
1361 2923 1401 2988 ap

187 3073 189 3078 Ι
303 2997 426 3080 probat
456 2994 607 3058 divinant
641 2995 828 3074 justititiam
860 2995 896 3058 in
919 2995 1012 3058 nulla
1032 3009 1185 3058 creatura
1208 3014 1310 3078 quam
1329 2989 1401 3053 fecit.

303 3077 426 3164 punire
449 3079 542 3163 quod
563 3075 662 3142 fecit:
707 3077 846 3144 uoniam
868 3099 969 3142 omne
991 3081 1083 3164 quod
1105 3075 1142 3142 in
1158 3075 1320 3142 omnibus
1335 3087 1400 3157 quae

305 3164 346 3223 ab
378 3181 417 3223 eo
448 3160 506 3246 qui
534 3160 581 3223 im
608 3101 743 3226 affibiiia
772 3162 817 3225 esl
838 3176 873 3224 et
893 3159 1179 3246 incorruptibilia,
1219 3161 1343 3223 sactum
1362 3149 1401 3221 eil

303 3244 457 3328 prosecta
480 3243 569 3328 impa
608 3243 676 3308 bile
701 3261 734 3308 et
755 3243 1020 3328 incorruptibile
1032 3244 1094 3317 esi,
1117 3241 1293 3330 nullisque
1308 3235 1401 3336 pasfir

302 3326 403 3390 nibus
426 3327 623 3392 obnoxium.
677 3325 846 3394 Passiones
870 3341 982 3392 autem
1004 3346 1099 3390 nunc
1120 3325 1222 3402 dieo,
1259 3345 1329 3390 non
1349 3321 1402 3384 illas

303 3431 389 3500 quae
419 3409 634 3484 naturaliter,
668 3427 707 3474 ut
740 3410 893 3496 corporei
917 3410 1047 3485 sensus,
1078 3408 1214 3486 insunta
1260 3410 1318 3480 sed
1337 3419 1402 3500 quat

301 3507 420 3558 contra
451 3509 605 3558 naturam
632 3495 730 3567 sunt,
773 3497 929 3580 circaque
958 3486 1217 3589 corruptibilem1
1248 3504 1402 3558 materiata

302 3577 493 3654 versantur,
519 3576 556 3640 in
577 3581 642 3644 hac
661 3580 774 3644 adhuc
795 3577 931 3642 mortali
953 3579 1044 3653 vitat
1066 3577 1168 3663 rpstua
1189 3593 1309 3642 autem
1328 3587 1402 3640 natu·

93 3729 98 3757 Ι
212 3707 216 3712 -
300 3683 356 3725 rae
379 3661 589 3740 trinitatem,
627 3681 713 3748 quae
734 3659 779 3724 esl
800 3660 955 3738 essentia,
986 3661 1112 3738 virtus,
1145 3661 1321 3750 operatio,
1354 3669 1402 3718 ιθ(

302 3743 469 3832 attingere
490 3765 555 3808 nec
576 3765 790 3831 corrumpere
810 3747 965 3830 polluat,
990 3747 1143 3832 quamvis
1165 3745 1350 3814 rideantur
1362 3758 1402 3819 ap·

303 3841 417 3923 petere
448 3849 521 3900 eam
548 3829 756 3927 oppugnare.
799 3830 873 3927 Hae
894 3844 1006 3926 autem
1028 3828 1193 3916 psffiouee
1217 3830 1301 3926 suut
1323 3839 1405 3912 gent?

225 3947 228 3964 ·
302 3924 390 3973 ratto
409 3933 459 3982 ‚ex
480 3916 688 4008 corporibus.
700 3913 744 3977 ad
764 3911 1019 3978 similitudinem
1037 3911 1331 3984 ‚irrationabilium
1349 3924 1401 3972 am·

300 3991 463 4070 mulium,
486 4012 697 4062 rnorementa
718 4011 754 4060 et
774 3999 989 4066 decrementa
1010 4017 1211 4085 corporum·
1236 4003 1402 4087 (ΜΨ
1433 4015 1434 4046 l

302 4095 421 4143 eorum
447 4079 707 4168 corruptiones,
752 4095 789 4146 st
818 4095 967 4146 extrema
992 4081 1178 4172 corporalis
1209 4087 1402 4168 campagus
