2930 4982
150 293 164 314 ,
280 219 354 296 cra
437 327 442 336 Ι
617 193 1069 294 uenenariorum.
1190 247 1193 254 ·

281 405 408 484 diburo
421 401 543 490 quibua
563 401 600 480 in
622 407 686 470 hoc
705 403 840 470 mortali
862 423 982 478 carne,
1002 401 1113 470 veluti
1132 402 1227 492 lepra
1246 405 1390 492 quadam

281 487 462 556 deformari
484 503 518 553 et
538 486 658 556 violari
679 488 884 554 extrinsecus
907 487 1051 575 patitur,
1082 504 1244 576 purgata,
1266 487 1304 554 in
1325 489 1393 577 pri·

280 572 402 638 stinum
432 569 641 639 conditionis
670 568 749 634 luae
776 572 894 636 ilatum
922 570 1071 636 restituta
1101 587 1307 648 revertetur,
1346 594 1394 636 rc·

281 655 442 722 demtorio
475 669 509 718 et
541 654 743 741 susceptoris
772 655 824 720 sui
845 655 950 742 gratia
970 669 1138 719 revocata.
1181 655 1274 722 Hinc
1296 658 1394 720 detur

147 807 152 822 ¹
280 737 450 824 intelligi,
474 741 565 823 quod
586 736 623 801 in
644 752 765 802 natura
782 761 893 803 rerum
906 763 919 813 ,¹
943 737 1015 824 post
1035 736 1156 802 mundi
1176 741 1278 819 hujus
1300 738 1394 803 senfi-

278 821 357 886 bilie
381 821 727 896 consummationem,
750 822 844 886 nulla
864 820 1010 896 malitia,
1032 823 1126 886 nulla
1146 842 1236 888 moro
1257 840 1404 920 corrup·-

251 935 255 946 κ
279 905 408 970 tionem
430 902 601 978 inferent,
623 905 719 969 nullu
737 905 869 970 miseria
889 903 1043 991 fragilem
1065 905 1102 969 in
1122 908 1187 972 hac
1209 907 1321 972 adhuc
1341 926 1394 970 vr·

278 1005 313 1056 ta
342 986 516 1054 materiem
545 986 701 1055 inliciens
722 988 807 1054 telin
832 1001 942 1053 uetur.
990 987 1114 1052 Omnia
1134 987 1263 1075 quippe
1282 986 1394 1052 vifibi·

279 1070 327 1138 lia
347 1086 382 1136 et
401 1069 580 1135 invisibilia
602 1070 646 1135 in'
660 1070 727 1135 tuis
749 1092 787 1136 ca
836 1093 852 1138 a
873 1070 1067 1159 quieacent,
1090 1071 1158 1137 iola
1174 1093 1256 1138 vero
1270 1069 1394 1138 illicita

278 1156 438 1220 voluntaa
469 1156 634 1219 malorum
661 1153 841 1224 hominum
872 1170 908 1218 et
936 1154 1131 1240 angelorum
1152 1154 1305 1244 sauciata
1319 1175 1397 1241 pra·

272 1259 400 1304 ,vorum
422 1237 738 1305 morummemoria
759 1235 1055 1324 conscientiaque,
1077 1237 1116 1303 in
1138 1237 1242 1325 seipsa
1258 1253 1395 1324 torque-

278 1321 390 1397 bitur,
414 1342 491 1386 cum
515 1323 555 1384 de
576 1320 629 1384 hio
651 1320 795 1408 quaein
816 1325 880 1387 hac
901 1320 972 1385 vita
993 1320 1052 1385 fibi
1075 1342 1095 1385 o
1122 1335 1267 1397 taverat,
1290 1336 1327 1384 et
1340 1321 1395 1384 fu·

280 1419 355 1470 tuta
376 1403 436 1468 fibi
458 1403 682 1488 cogitaverat,
704 1401 792 1468 nihil
812 1403 976 1470 inveniat.
1018 1410 1061 1470 In
1083 1343 1142 1468 illa
1162 1405 1217 1468 die
1236 1405 1395 1487 peribunt

280 1511 390 1556 omnes
419 1491 639 1570 cogitationes
665 1510 783 1552 cortem.
841 1490 1072 1570 Cogitationes
1101 1487 1187 1553 dixit
1212 1487 1395 1585 periturae,

91 1565 95 1575 ’
145 1594 151 1606 ‘
280 1593 351 1638 non
376 1586 488 1644 autem
511 1570 714 1636 substantiae.
749 1572 816 1636 Sed
837 1593 918 1658 quaa
942 1571 1167 1670 cogitationes
1190 1571 1263 1636 art?
1285 1575 1397 1636 Vanae

278 1655 433 1756 proiecto
462 1673 575 1719 rerum
606 1635 828 1730 senfibllium,
867 1654 989 1742 quibus
1021 1677 1058 1718 rn
1092 1657 1156 1721 hac
1181 1653 1252 1720 vita
1272 1655 1396 1719 insano

109 1725 110 1732 ἵ
137 1804 147 1818 ,
278 1737 416 1816 rohipnt
436 1741 569 1810 ardore,
592 1739 799 1823 phantafiao,
823 1759 904 1824 queo
926 1736 1213 1804 irrationabilibut
1234 1741 1394 1806 obcaeca-

197 1829 198 1832 ’
280 1839 335 1888 tae
371 1843 432 1908 per
466 1819 628 1885 malitiam
658 1819 790 1886 animae
816 1821 992 1887 affectibus
1022 1825 1225 1886 attrahunt·
1256 1821 1394 1907 Quibus

278 1903 460 1994 phantaliia
488 1903 548 1990 ipsa
573 1903 636 2000 qui
664 1925 718 1968 eoa
746 1903 903 1990 fingunt,
933 1903 1092 1970 fimillimi
1113 1919 1231 1996 erunt:
1261 1905 1394 1968 nullam

281 1990 409 2077 quippe
430 2008 602 2051 verereri
623 1985 825 2052 soliditatem
846 1987 1042 2064 invenient,
1076 1989 1133 2054 led
1156 1986 1264 2076 {eluti
1283 1986 1396 2052 inuui-

279 2075 345 2138 bua
376 2069 514 2136 somniis
542 2072 800 2166 torquebuntur.
845 2071 936 2135 Hinc
955 2069 1124 2137 Maximus
1146 2070 1279 2136 decimo
1298 2071 1394 2135 ferto

280 2158 322 2222 de
342 2151 517 2240 Ambiguia
540 2153 709 2239 caprtulo,
766 2157 803 2218 ui
821 2158 958 2230 divina,
980 2154 1113 2240 inquit,
1125 2150 1304 2247 sapienter
1324 2178 1390 2218 ane·

277 2240 432 2306 ditantur
450 2235 567 2308 verba,
588 2177 807 2318 perditudem
831 2251 865 2302 et
886 2235 1049 2327 infernum
1073 2253 1106 2303 et
1118 2241 1215 2332 filios
1228 2240 1392 2317 perditio-

278 2327 332 2388 nit
352 2335 387 2386 et
421 2321 526 2385 emilia
546 2321 720 2402 appellant
741 2345 812 2398 eos,
839 2327 897 2407 qai
940 2323 1007 2386 rioci
1027 2345 1091 2388 non
1112 2322 1179 2414 est,
1195 2319 1336 2410 sibimet
1355 2335 1394 2386 et

266 2401 312 2500 sc
398 2429 450 2470 nm
484 2407 604 2468 mentis
631 2399 789 2507 affectum
815 2345 1059 2496 subsistentiam
1078 2400 1252 2496 fuciunt,¹
1278 2419 1315 2470 et
1333 2402 1393 2496 [ις

275 2489 465 2580 pluantqfiir
484 2511 673 2572 peremnia
682 2485 814 2578 flmilas
824 2489 927 2582 fimrt.
973 2489 1073 2574 ,Quid
1094 2489 1203 2556 dicam
1225 2492 1269 2555 dc
1289 2492 1394 2554 Sanc-

276 2592 314 2643 to
347 2571 531 2661 Augustino
559 2570 597 2637 in
630 2572 833 2642 duodecimo
862 2573 948 2639 libro
979 2572 1178 2640 chacmeri
1201 2573 1252 2640 lui
1276 2572 1393 2658 diopu-

277 2674 372 2724 tante
402 2663 444 2725 de
473 2677 513 2722 co
558 2657 628 2720 uod
650 2656 782 2721 animae
803 2658 915 2722 adhuc
934 2655 971 2720 in
994 2678 1094 2722 carne
1114 2656 1248 2722 mortali
1272 2655 1393 2722 consti·

277 2735 390 2817 tutae,
421 2761 491 2806 non
523 2679 604 2804 alibi
631 2739 694 2804 nisa
715 2739 753 2828 iq
776 2737 978 2826 phantaliio,
1015 2755 1074 2804 aut
1091 2743 1250 2827 quaedam
1270 2740 1395 2804 inance

276 2827 441 2900 laetitiae,
456 2837 523 2898 ,aut
543 2825 703 2910 quaedam
725 2821 843 2900 inanes
863 2844 991 2910 poenae
1006 2822 1195 2909 patiantura
1216 2822 1254 2887 in
1274 2823 1395 2888 tumn

277 2931 358 2975 vero
386 2908 457 2973 vita
487 2910 629 2986 receptis
658 2907 848 2991 corporibus
876 2904 983 2971 solida
1006 2903 1160 2971 veritatis
1182 2921 1320 2971 contem
1346 2909 1393 2970 la-

278 2992 373 3058 tione
402 2989 477 3070 justi
504 2992 718 3074 gaudebunt,
752 2988 852 3077 impii
879 3011 960 3079 vero
985 2989 1104 3056 inance
1126 3011 1237 3064 rerum
1259 2931 1395 3055 semihi-

276 3076 362 3140 lium
388 3073 455 3138 ima
480 3070 552 3136 ineo
579 3072 747 3159 patientes
775 3074 928 3147 flebunt,
963 3072 1050 3136 salva
1079 3087 1113 3137 et
1132 3071 1335 3160 impunibili
1353 3072 1393 3138 in

276 3157 429 3244 utrisque
450 3096 637 3252 dubitantia.
668 3159 759 3252 'Duo
781 3176 927 3241 namque
950 3177 1072 3242 genera
1117 3155 1282 3222 rffionum
1297 3157 1394 3222 [unte

275 3263 384 3306 unum
407 3261 474 3326 quo
497 3237 645 3310 deificati
664 3260 702 3303 rn
725 3238 912 3304 conditorio
934 3237 985 3302 tui
998 3239 1074 3324 pur'
1150 3261 1203 3303 am
1219 3259 1262 3304 co
1314 3239 1393 3305 itio·

169 3337 179 3366 ¹
252 3315 356 3392 ”nem
376 3321 574 3408 rapiuntur,
598 3322 739 3386 alterum
758 3342 839 3387 vero
856 3343 923 3408 quo
936 3321 1036 3408 impii
1049 3322 1085 3387 in
1097 3322 1222 3410 profun
1252 3321 1261 3337 ’
1341 3345 1392 3388 ant

276 3406 428 3474 veritatis
452 3404 678 3492 ignorantiam
699 3420 909 3491 merguntur.
952 3408 998 3469 Et
1018 3405 1102 3492 quid
1121 3403 1267 3482 mirum.
1291 3407 1391 3472 fiin-

275 3489 342 3639 'll’
356 3485 1390 3659 iiii?eissoliiaidliiiilrii‘eniaiidlliffitiiissi

492 3617 502 3648 Ι

273 3599 502 3746 ipiritualibus
523 3649 591 3718 luia
613 3674 671 3719 cor
696 3655 809 3719 oribus
830 3654 993 3740 receptio,
1018 3676 1058 3721 ac
1071 3653 1180 3720 veluti
1199 3655 1389 3742 graviffimo

274 3744 421 3826 quodam
444 3739 560 3814 somno
583 3677 805 3824 evigilantea,
832 3735 1017 3825 ,expiemus
1039 3737 1214 3826 patiantur
1233 3761 1299 3828 per
1319 3743 1389 3827 lup·

274 3824 393 3906 plicia;
418 3822 466 3900 ita
487 3835 527 3885 ut
547 3819 693 3907 semper,
715 3821 800 3886 licut
819 3820 868 3884 ait
887 3820 1111 3908 Augustinus,
1133 3843 1237 3887 verae
1257 3843 1388 3910 poenae

276 3906 324 3971 cio
348 3909 430 3982 lint,
452 3905 553 3970 follae
575 3924 656 3970 vero
678 3901 744 3969 ima
769 3903 842 3976 ineo
856 3901 904 3977 in
925 3926 997 3970 non
1015 3903 1125 3982 veria3
1149 3927 1232 3972 vcra
1247 3906 1385 3978 tristitia.

273 4011 374 4056 veruo
394 3991 505 4054 luctus
525 4007 714 4074 pavorque,
738 3927 809 4053 lgm
829 3985 1063 4074 poenitentia,
1085 4009 1188 4056 urent
1210 4009 1255 4058 co
1280 3987 1385 4056 'tatio-

274 4095 359 4139 num
372 4073 566 4140 flemmaAE
585 4069 755 4138 contrario
773 4085 885 4136 autem
896 4069 973 4152 justi
989 4070 1182 4159 patienturt
1203 4094 1267 4160 qur
1290 4091 1383 4139 urre-

274 4157 383 4244 ceptio
398 4152 844 4244 corporibuadcilicatitque
853 4154 1038 4236 mnitibus,
1047 4175 1147 4224 verae
1157 4155 1380 4226 beatitudines
