2948 4978
288 191 362 314 33⁶.
608 207 679 302 <De
693 209 880 290 ,sitam
898 156 1090 284 umere.

286 398 400 468 'vestati
428 397 602 480 cuiusdam
628 396 747 464 causae
776 397 921 464 effector
947 391 1000 464 eti
1014 398 1052 464 iu
1081 395 1192 486 aliqua
1219 415 1258 464 re
1286 413 1390 487 agere,

214 538 219 544 .
291 485 358 553 five
379 481 448 572 ipsa
470 482 559 548 aetio
578 480 750 570 reciproca
770 483 827 559 fit,
848 481 886 548 id
900 481 961 558 est,
982 482 1020 549 in
1034 485 1177 548 eandam
1192 485 1317 560 redeat,
1338 485 1394 549 se'u

291 567 329 636 in
352 572 488 632 alteram
508 581 655 631 transeat
674 565 861 654 personam.
1280 581 1285 592 ·

354 652 405 717 M.
420 652 539 716 'Recte
553 649 725 714 discernis.
758 647 851 736 Quid
873 647 936 713 tibi
951 646 1113 720 videtur?
1135 648 1261 714 Nonne
1283 651 1393 714 eadem

293 733 452 802 discretio
475 733 518 798 est
539 734 743 799 observanda
762 733 799 797 in
822 753 862 798 eo
884 731 942 820 qui
962 732 1106 820 patitur,
1130 748 1171 796 ut
1187 731 1278 796 aliud
1294 733 1393 818 srtpa·

288 819 399 895 tiene,
431 817 526 883 aliud
555 817 647 904 posse
665 816 756 903 pati,
793 815 885 882 aliud
905 816 1014 902 ipsum
1035 814 1127 903 pati,
1165 817 1231 880 sive
1253 837 1272 878 a
1292 815 1394 901 seipso

292 903 368 1000 guia
387 897 556 990 patiatur,
579 901 647 965 five
668 904 707 964 ab
732 897 822 964 alios
844 903 887 965 D.
905 903 1032 965 Eadem
1047 900 1211 986 profecto.
1241 899 1289 962 M.
1306 901 1395 964 Haec

289 984 397 1072 tgitur
425 985 490 1048 tria
520 999 554 1048 et
583 980 620 1050 iu
646 982 699 1048 bia
725 983 784 1070 qui
806 997 932 1058 amant,
964 982 1056 1046 etin
1078 982 1131 1048 bia
1152 982 1212 1070 qui
1234 998 1394 1058 amantur,

291 1071 443 1149 ejusdem
462 1065 695 1133 naturae'nou
717 1067 819 1130 sunt?
843 1069 884 1132 D.
906 1067 984 1132 Non
1007 1067 1099 1141 sunt,
1121 1064 1306 1152 utopinot.
1325 1065 1396 1134 Alia

290 1153 453 1240 siquidem
473 1165 594 1215 natura
615 1149 659 1213 est
679 1149 946 1227 substantiarum,
969 1150 1034 1215 alia
1050 1149 1288 1216 recidentium.
1311 1149 1396 1212 Nam

290 1235 352 1323 qui
369 1233 450 1323 ,agit
478 1232 539 1298 vel¹
557 1227 702 1319 patitur,
739 1234 915 1319 substantia
944 1235 996 1298 est.
1039 1235 1133 1298 Posse
1167 1249 1281 1298 autem
1303 1253 1396 1319 agere

178 1335 182 1344 ’
288 1321 345 1384 vel
366 1317 457 1407 pati,
480 1332 515 1381 et
533 1315 644 1403 ipsum
667 1338 763 1404 agere
785 1333 819 1382 et
838 1316 910 1405 pati
931 1317 1118 1390 accidentia
1140 1317 1228 1382 sunt.
1269 1318 1318 1380 M.
1333 1315 1397 1380 Mi·

153 1401 162 1420 ’
198 1405 204 1416 ’
289 1393 347 1468 r'dr
377 1401 549 1491 quomodo
573 1421 696 1466 eorum
716 1422 802 1489 quae
823 1401 860 1466 in
881 1400 1062 1500 praedictio
1082 1398 1397 1465 ratiocinationibus

290 1502 325 1551 et
347 1485 490 1572 quaesita
512 1495 547 1546 et
569 1481 727 1559 inventa,
762 1499 802 1547 ut
823 1487 982 1558 arbttror.
1006 1500 1040 1548 et
1061 1482 1203 1548 diffinita
1219 1484 1318 1560 sunt,
1340 1485 1397 1547 ob·
1462 1525 1463 1534 κ

289 1567 371 1633 litua
401 1590 446 1633 ea.
490 1570 533 1631 D..
561 1567 715 1630 Admone
740 1589 900 1653 praecor,
937 1584 971 1632 et
992 1568 1175 1666 quaesunt
1196 1566 1254 1631 illa
1275 1567 1397 1631 inme'-
1462 1579 1463 1582 ’

181 1705 188 1724 ,
288 1647 431 1716 moriani
451 1669 583 1724 revoca.
625 1651 711 1714 Nam
732 1673 788 1716 me
808 1651 894 1716 vitio
914 1673 1114 1727 memoriae,
1138 1653 1231 1737 quod
1253 1651 1297 1714 est
1316 1649 1398 1714 obsi·

287 1734 364 1808 'vio‚
388 1733 617 1820 negligentem
638 1733 908 1821 obliviosumque
930 1736 991 1798 esse
1013 1756 1083 1799 non
1100 1737 1186 1800 dene
1210 1755 1241 1798 o.
1270 1735 1318 1796 M.
1335 1736 1397 1797 Re·
1462 1795 1463 1800 ,

289 1813 481 1882 cordatione
504 1817 683 1880 collectum
706 1818 969 1905 conclusumque
984 1839 1002 1881 a
1018 1817 1117 1884 nobie
1133 1818 1182 1880 fu'
1210 1839 1245 1892 e,
1269 1807 1396 1896 οὐσίαν,

291 1893 451 1994 ditonus,
484 1895 662 1990 ἐνέργειᾱν,
692 1898 730 1964 id
751 1901 810 1977 est,
825 1891 829 1907 '
844 1901 1033 1977 essentiam,
1062 1915 1103 1964 ut
1122 1898 1219 1987 saepe
1241 1900 1397 1976 diximua‘,
1462 1931 1463 1950 κ

288 1982 451 2072 virtutem
473 1997 508 2046 et
529 1982 778 2081 operationem,
802 1983 987 2050 trinitatem
1010 1987 1178 2072 quandam
1198 1983 1399 2132 insegarabi-
1462 2017 1463 2026 κ

287 2071 355 2132 leui
376 2065 513 2132 incorru
539 2067 736 2152 trbssemque
757 2069 886 2132 nostrae
906 2073 1045 2132 naturae
1069 2069 1149 2144 esse,
1194 2089 1257 2132 uae
1298 2066 1331 2130 bi
1346 2067 1398 2132 in·

287 2149 401 2216 uirem
426 2087 573 2215 mittini
601 2153 740 2214 nbturae
768 2150 943 2218 hannonia
971 2155 1154 2231 conjuncta
1171 2089 1267 2226 sunt,
1303 2165 1342 2215 ut
1363 2165 1400 2216 et
1462 2175 1463 2232 ς

288 2231 353 2298 tria
376 2243 485 2297 unum
505 2235 585 2308 fint,
617 2247 651 2296 et
672 2221 780 2299 uirum
804 2234 884 2310 tria,
908 2255 1019 2322 neque
1040 2233 1147 2299 veluti
1170 2234 1318 2300 diversae
1339 2257 1399 2298 na·
1462 2265 1463 2270 ¹

289 2331 384 2381 turae
407 2318 504 2392 sunt,
542 2317 723 2381 sed'uniua
746 2333 845 2404 atque
869 2321 1036 2397 ejusdem,
1067 2337 1138 2382 nou
1161 2333 1201 2382 ut
1220 2318 1400 2382 substantia
1462 2335 1463 2340 ’

290 2398 665 2498 ejusqueaccidentia,
693 2401 758 2464 ‘sed
788 2405 951 2487 quaedam
981 2399 1157 2465 essentialia
1183 2401 1296 2464 unitae
1324 2402 1399 2466 sub·

288 2481 518 2572 stantialiaque
537 2481 727 2550 differentia
750 2483 853 2548 trium
874 2483 911 2547 in
932 2485 1028 2548 uno-‘i
1063 2487 1106 2550 D.
1139 2487 1327 2560 Recordor,
1358 2505 1400 2550 ac

204 2577 206 2581 “
288 2566 449 2653 deincep'a
470 2567 646 2666 nunquam
668 2565 835 2632 oblivioni
857 2569 995 2638 tradam.
1038 2567 1280 2654 Apertiffimam
1304 2587 1400 2633 naru-
1462 2571 1463 2590 ¹

288 2661 355 2736 que
385 2649 573 2736 conditorte
600 2647 784 2736 imaginem
818 2649 984 2718 oblivioni
1016 2651 1151 2724 tradere
1172 2647 1400 2716 ‘stultiffimum

289 2731 333 2797 est
361 2749 462 2821 atque
488 2730 724 2798 miserrimum.
769 2737 835 2799 Sed
862 2735 1021 2820 quorsum
1048 2734 1150 2814 isthac
1170 2737 1325 2800 nondum
1347 2735 1401 2798 vi·

288 2819 370 2893 deo,
399 2815 462 2881 nifi
489 2818 578 2881 sorte
609 2817 689 2902 quia
717 2814 780 2882 tria
811 2821 975 2904 quaedam
1007 2818 1080 2880 ase
1101 2817 1251 2884 invitem
1274 2817 1401 2898 diacre?

312 2897 422 2976 antia,
456 2900 538 2964 dum
572 2914 647 2964 ate
667 2897 894 2988 interrogatae
914 2900 1164 2986 responderim.
1184 2907 1303 2966 *unum
1324 2901 1401 2988 qui-

286 2923 365 3058 gem
391 2981 806 3062 seeundum'subjecturn,
836 2987 907 3049 duo
926 3004 1007 3049 vero
1029 2985 1403 3065 seeundumaeeidena

287 3067 369 3142 esse,
392 3084 478 3152 quae
499 3065 563 3130 tria
583 3065 754 3152 prioribus
774 3066 882 3138 tribue
901 3068 1004 3156 longe
1024 3067 1185 3133 videntur
1201 3068 1317 3134 abesse.
1350 3075 1403 3136 Ae

286 3171 348 3296 Etr
376 3149 444 3214 hoc
464 3165 505 3212 ut
525 3147 582 3212 illa
603 3148 772 3238 tria'quae
794 3149 939 3236 dirimat
961 3150 1063 3216 uniua
1083 3154 1307 3240 ejusdemque
1323 3151 1404 3218 sub·

331 3231 429 3299 ntiae
454 3231 532 3308 esse,
565 3232 634 3297 sola
653 3255 734 3298 vere
755 3255 840 3321 quae
861 3233 957 3310 sunt,
989 3234 1012 3298 i:
1037 3257 1066 3300 e.
1083 3235 1244 3312 essentia,
1274 3235 1402 3312 virtue,

286 3331 322 3380 et
343 3313 510 3414 operatio:
532 3319 617 3408 quae
637 3338 718 3382 vero
739 3339 834 3382 nunc
855 3337 874 3379 a
894 3339 949 3382 me
968 3317 1082 3382 addita
1098 3319 1190 3394 sunt,
1212 3319 1308 3386 idest
1325 3319 1404 3384 sub-
1462 3357 1463 3370 2

187 3477 191 3488 ι
284 3395 403 3465 stanna
432 3417 509 3482 euru
537 3399 787 3476 accidentibus,
827 3399 1041 3486 possibilitate
1070 3401 1234 3478 videlicet
1257 3401 1402 3488 agendi,

232 3549 237 3562 ,
285 3479 454 3569 ipsiusque
479 3481 703 3570 possibilitatis
725 3482 864 3560 effectu,
902 3488 1000 3571 quod·
1015 3485 1059 3548 ess
1078 3505 1210 3572 agere,¹
1228 3486 1405 3572 superflua

284 3583 356 3652 non
388 3565 468 3642 effe,
502 3569 664 3666 nullaque
687 3566 823 3642 ,tatione
852 3583 984 3655 reperta
1011 3567 1260 3635 arbitrandum-a
1294 3585 1358 3633 aut
1381 3587 1405 3634 e

285 3648 475 3716 contrario:
502 3647 565 3722 atis
577 3645 704 3728 ettam,
733 3653 826 3738 qttod
843 3650 1175 3717 rectiurdicendum
1195 3649 1406 3718 mibi'nide·

154 3753 163 3760 ·
284 3740 357 3807 tor,
386 3748 427 3797 ut
446 3736 535 3802 haee
551 3732 586 3798 et*
607 3733 666 3798 itta
683 3733 772 3827 'duae
792 3734 831 3800 in
851 3733 975 3799 datura
989 3738 1102 3802 rerum
1122 3736 1216 3811 sont,
1230 3732 1317 3801 “suit
1338 3756 1406 3803 na·

283 3813 450 3905 turalibua
472 3817 673 3908 differentiis
693 3817 941 3884 discernuntur.
979 3819 1300 3908 Sedu'trumita‘que
1315 3841 1407 3887 oon·

283 3899 493 3979 cedendum,
521 3921 652 3980 necne,
683 3899 902 3984 tuo'judicio
930 3903 1181 3970 decernendum
1202 3904 1406 3982 committo,

281 3983 332 4080 M.
357 3986 460 4071 Quod
480 3983 656 4052 novissime
679 3985 834 4074 posuisti,
855 3997 947 4051 recte
966 3986 1091 4054 rationi
1111 3989 1253 4054 videtur
1268 4001 1408 4056 eonve-

280 4085 366 4166 nne.
405 4064 573 4166 quiaquia
592 4069 684 4158 euim
707 4069 828 4136 dixerit
842 4069 1044 4138 essentialem
1060 4071 1265 4149 ttiuitttem,
1288 4075 1407 4138 essen·

279 4163 364 4218 uam
385 4147 528 4230 salicet,
554 4150 736 4233 timitem,
757 4151 1008 4244 operationem,
1029 4154 1259 4226 indoucuffaua
1278 4155 1408 4224 sueor-
