2856 4978
259 237 363 328 ato
464 340 466 360 .
515 269 525 292 ,
575 329 579 338 ,
620 257 673 324 ue
693 255 872 358 asamona
893 247 1062 324 naen.
1125 239 1127 248 '

285 439 380 525 tique
396 439 438 502 in
458 438 572 504 medio
595 459 707 504 earam
728 436 809 504 facti
830 457 900 506 non
922 435 1127 525 incongrue,
1159 451 1198 502 ut
1214 457 1301 513 reor,
1322 443 1367 504 tle·

285 521 441 608 scriptam
476 521 742 588 existimavimus.
784 520 933 586 Tertiam
963 541 1044 588 vero
1066 520 1186 587 mundi
1206 521 1368 586 considera·

261 643 266 653 ,
283 605 414 670 tionem
436 606 473 670 in
497 607 725 693 segregatione
746 626 879 680 eorum,
903 625 987 692 quae
1002 605 1097 670 ineo
1110 605 1279 670 mutabilia
1292 605 1366 680 sunt

285 692 325 754 ab
352 689 423 763 hia,
454 709 540 790 quae
559 706 699 760 naturae
721 691 798 754 suae
818 689 976 754 subsidiia'
989 687 1168 768 custodita,
1199 689 1367 754 incommu-

286 773 434 856 tabiliter
460 797 496 837 m
528 777 645 838 eodem
675 789 874 860 permanent
902 773 986 836 statu
1015 772 1210 848 constituta,
1243 776 1305 836 hoo
1324 771 1367 846 eb,

253 917 256 922 .
281 856 319 921 in
343 855 546 922 discretione
568 856 721 940 omnium
743 855 956 920 mutabilium
979 856 1220 928 accidentium,
1241 855 1368 920 rationa-

282 937 344 1004 bili
372 941 530 1018 contuitu
563 943 603 1005 ab
632 939 833 1005 immutabili
856 938 1115 1004 substantialium
1137 941 1312 1006 formarum
1330 939 1368 1002 so·

281 1022 432 1098 liditate,
469 1045 629 1110 aquarum
660 1047 724 1090 con
771 1023 937 1111 'gatione,
977 1040 1150 1112 terraeque
1178 1022 1369 1112 apparitione

282 1106 432 1171 divinam
459 1107 655 1194 scripturam
684 1045 858 1172 iniiiiralle
886 1107 1035 1200 arbiqrati
1067 1109 1190 1172 sumus.
1232 1107 1298 1170 Nec
1316 1104 1366 1167 im·

281 1189 423 1265 merito;
459 1213 536 1255 cum
558 1191 839 1279 frequentissimus
861 1191 1054 1256 divinorum
1078 1191 1285 1279 eloquiorum
1304 1187 1368 1250 usta

281 1274 340 1349 est,
367 1274 549 1339 'vistbilium
578 1294 688 1340 rerum
721 1273 949 1362 significativis
971 1275 1129 1350 vocibus,
1167 1271 1367 1338 invisibilium

280 1379 391 1421 rerum
422 1361 588 1423 naturales
618 1359 850 1436 subsistentiae,
880 1357 1094 1444 rationesque
1117 1361 1160 1422 ad
1182 1353 1368 1420 exercitatio·

186 1447 193 1456 “
279 1461 358 1505 nem
412 1441 444 1504 io
465 1441 775 1532 philosophantium
797 1442 992 1528 significare.
1038 1445 1109 1506 Nec
1130 1439 1271 1512 mirum,
1304 1451 1368 1501 cum

278 1523 368 1611 saepi
407 1547 461 1588 me
496 1525 720 1614 spiritualium
749 1543 784 1591 et
806 1525 1024 1591 invisibilium
1039 1547 1157 1590 rerum
1178 1520 1366 1592 nominibus,

279 1606 467 1694 corporalea
488 1610 720 1697 sensibilesque
741 1611 899 1674 allueacat
919 1609 1073 1674 innuere.
1119 1611 1224 1688 Cujus
1241 1603 1368 1697 recipro-

279 1709 337 1754 cae
367 1708 455 1756 meta
482 1697 584 1758 horae
607 1698 685 1759 dum
708 1695 787 1758 sunt
806 1695 912 1758 multa
935 1693 1083 1780 exempla
1107 1710 1141 1756 et
1161 1689 1368 1756 innumerabi-

276 1767 338 1847 lia,
368 1717 534 1862 praeliinti
564 1777 703 1864 negotio
732 1780 924 1853 cumulare,
956 1775 1183 1863 omnibusque
1212 1769 1368 1837 indiviae

277 1856 439 1942 scriptura
480 1861 667 1925 exercitatio
704 1859 980 1937 manifestissima,
1018 1863 1161 1946 longum
1187 1858 1316 1922 ridetur
1341 1865 1368 1914 et

201 1965 206 1976 ·
241 1956 247 1974 ⁸
276 1939 503 2024 superfluum:
534 1944 654 2029 paucio
679 1959 791 2008 tamen
820 1944 980 2029 exemplis
1010 1959 1154 2007 utamur.
1203 1935 1303 2041 Quoi
1323 1955 1368 2000 no·

276 2036 346 2086 tum
367 2024 415 2110 est
437 2049 480 2089 ax
500 2049 597 2090 carne
618 2049 695 2092 caro
716 2027 785 2117 est.-
818 2027 874 2092 hic
896 2043 988 2092 totua
1008 2030 1111 2091 homo
1135 2021 1287 2113 originali
1305 2039 1367 2108 pet·

277 2121 352 2170 cato
382 2129 524 2173 nascent
555 2111 663 2174 carnia
685 2110 826 2175 nomine
849 2111 1006 2174 vocatura
1039 2127 1072 2174 et
1092 2111 1184 2194 quod
1203 2098 1368 2204 natumess

275 2213 319 2252 ox
335 2187 466 2279 spiritu
480 2192 629 2282 spiritus
658 2193 725 2286 asse
757 2209 850 2258 totue
884 2197 988 2258 homo
1011 2215 1050 2257 ex
1071 2191 1367 2292 regenerationem
1415 2229 1416 2252 2

276 2273 406 2338 Glarillo
443 2296 621 2342 renoscent
655 2277 820 2342 vocabulo
850 2277 988 2363 spiritus
1021 2276 1232 2364 exprimitur.
1275 2275 1322 2335 -Et
1348 2268 1367 2332 fi

276 2356 354 2443 quit,
374 2357 512 2435 dixerit,
535 2381 606 2426 non
629 2376 720 2425 totua
742 2363 845 2428 homo
869 2383 908 2424 ex
929 2382 1028 2426 carne
1050 2361 1218 2436 nascitur,
1240 2358 1292 2421 sed
1311 2354 1366 2419 sola

274 2441 423 2507 hominia
455 2462 548 2508 caro:
578 2445 632 2508 res
655 2447 826 2509 ondeboa
849 2445 927 2508 Non
958 2444 970 2507 i
995 2445 1063 2507 itur
1094 2447 1311 2510 totua.homo
1335 2457 1367 2500 ex

274 2524 394 2609 spiritu
422 2525 589 2603 nascitur,
625 2469 680 2591 lid
710 2529 778 2591 sola
800 2527 922 2595 anima.
965 2467 1009 2590 lit
1032 2528 1053 2590 fi
1074 2528 1122 2592 ita
1145 2529 1208 2608 est,
1236 2521 1367 2670 sepuitttr

168 2659 178 2672 .
272 2608 412 2691 gratiam
441 2609 650 2696 baptismatia
679 2610 766 2676 nihil
796 2610 994 2697 corporibus
1017 2609 1134 2675 nollria
1156 2613 1261 2699 prode
1286 2627 1319 2670 et
1348 2602 1367 2666 fi

274 2707 386 2755 autem
416 2687 508 2758 tritus
530 2697 650 2767 homo,
675 2693 785 2758 anima
808 2694 875 2760 via.
899 2709 933 2757 et
955 2715 1095 2780 corpur,
1126 2693 1163 2760 in
1188 2690 1310 2761 Christo
1329 2707 1368 2784 ¹5·
1413 2727 1415 2778 q

180 2776 186 2790 “
272 2775 440 2853 nascitur,
470 2792 505 2840 et
533 2777 668 2863 spiritua
700 2775 858 2852 efficitur,
888 2777 1069 2841 necessario
1098 2793 1192 2843 totue
1223 2779 1319 2841 homo
1337 2790 1366 2832 tn
1414 2811 1415 2834 t

236 2889 241 2900 ·
271 2857 400 2923 Adamo
433 2881 472 2923 ex
499 2875 601 2924 carne
621 2859 790 2936 naacitur,
824 2875 858 2940 et
880 2881 956 2924 caro
979 2861 1032 2925 att.
1049 2883 1056 2900 ι
1076 2863 1124 2926 Ac
1146 2862 1191 2926 fic
1212 2851 1366 2925 concludi·

219 2955 222 2964 '
266 2955 345 3022 tur,
378 2955 412 3005 et
440 2961 575 3006 carnem
609 2941 767 3029 appellari
800 2942 953 3030 spiritum
965 2990 985 3016 ,.
1009 2959 1043 3007 et
1063 2942 1218 3030 spiritum
1239 2957 1366 3032 carnem·

273 3025 418 3091 Verbum
440 3023 504 3087 Dei
526 3041 666 3090 vocatur
687 3049 780 3097 caro,
803 3043 839 3090 et
858 3047 935 3091 earo
957 3029 1114 3102 verbum,
1139 3045 1174 3092 et
1191 3023 1317 3096 similia,
1336 3039 1365 3082 rn

272 3107 395 3194 quibua
426 3108 520 3170 stmul
549 3124 584 3172 et
608 3109 819 3192 synecdoche
850 3107 1071 3208 intelligitur,
1111 3127 1145 3175 et
1177 3099 1395 3206 metaphora-¹

202 3251 207 3258 ,
270 3193 350 3255 Non
382 3211 461 3337 εῐξο
493 3192 761 3278 allegoriavimua
785 3196 865 3258 dum
887 3215 1027 3258 nomine
1050 3194 1152 3270 lucie,
1186 3193 1308 3281 spectet
1327 3205 1367 3249 re·

271 3293 347 3337 rum
381 3273 415 3335 vi
444 3273 525 3337 bilea
548 3291 582 3339 ct
602 3274 852 3374 intelligibiles,
885 3280 1098 3342 tenebrarum
1118 3299 1200 3342 vero
1223 3271 1366 3361 fignifiot·
1413 3343 1414 3350 ἵ

270 3355 400 3420 tionem
430 3357 541 3421 causae
569 3359 816 3435 substantiales,
854 3379 990 3424 omnem
1026 3361 1155 3426 sensum
1180 3377 1214 3426 et
1235 3352 1367 3422 intell&
1413 3365 1414 3435 l

270 3454 343 3503 tum
372 3442 584 3527 superantes,
614 3444 651 3507 iu
673 3451 788 3507 mente
810 3442 927 3508 divina
949 3444 1161 3509 aeternaliter
1184 3441 1364 3508 substituta.

197 3567 200 3584 ,
270 3521 420 3590 divinam
452 3523 848 3622 scripturam'inllnualle
878 3525 1034 3592 diximus.
1084 3531 1255 3614 Aquarum
1286 3539 1364 3590 veto,

269 3621 304 3670 et
325 3607 528 3671 firmamenta
549 3608 585 3673 in
608 3611 721 3674 medio
744 3632 858 3676 earum
880 3611 1070 3694 symbolicis
1087 3607 1364 3698 appellationibua·

267 3693 367 3770 hujus
395 3692 515 3755 mundi
544 3693 683 3757 visibilia
712 3693 879 3780 triplicem
910 3694 1180 3760 subtitutionem
1210 3693 1247 3756 in
1277 3685 1364 3756 ceusu

267 3773 335 3836 via.
364 3770 450 3851 suia,
480 3797 561 3862 quaa
592 3781 626 3843 8.
652 3775 839 3866 Ambrofius
848 3776 1061 3868 fitbstantitar
1080 3801 1186 3842 rer-um
1205 3772 1365 3879 vistbilittq·
1412 3813 1413 3852 q

268 3859 302 3920 in
332 3871 438 3921 mente
466 3861 607 3926 Divina·
620 3865 855 3944 praeconditas
877 3864 1041 3948 appellat,
1074 3879 1110 3935 et
1131 3861 1167 3932 in
1190 3852 1367 3926 universalt·
1412 3875 1413 3925 t

266 3941 329 4006 bue
362 3943 557 4019 elementia,
593 3967 678 4032 quae
707 3945 827 4012 Graeci
855 3943 1021 4010 catholica
1052 3945 1219 4046 στοιχαῖα
1243 3947 1364 4011 vocius,

268 4043 308 4087 eo
341 4029 434 4112 quod
465 4026 523 4090 sbi
552 4027 699 4095 int‘icem
723 4029 949 4107 conveniant,
983 4047 1018 4095 et
1039 4043 1235 4098 concanant.
1277 4029 1363 4093 Στῠί·

266 4107 522 4199 χείιυυιςιειιὶιη
544 4113 588 4176 est
610 4109 834 4188 διατύπωσις,
856 4110 925 4178 laoc
938 4113 1002 4192 cll,
1026 4112 1261 4186 consormatio.
1301 4103 1363 4170 llis

266 4211 342 4254 rum
360 4201 516 4280 'namque
545 4201 709 4264 concursu
731 4195 845 4274 omnia
868 4188 1360 4286 corporavifibillt'conlioitss·
