2854 4978
391 265 395 272 ·
470 234 577 306 noer
602 233 754 308 ream.
1087 238 1159 314 tao

12 423 13 430 ’
80 423 155 488 niam
173 423 252 486 dana
272 435 366 506 pater
387 423 571 488 secundum
591 425 724 490 causam
744 433 848 488 artem
866 424 956 488 suam
973 421 1156 510 praecedit,

77 506 173 570 artifex
193 503 352 592 siqnidem
375 506 471 576 causa
491 506 569 570 suae
591 506 670 572 artie
694 507 754 583 est,
777 527 828 590 ara
849 520 962 572 autem
985 507 1035 572 sui
1057 507 1156 573 artifi-

53 589 112 672 ,eia
129 609 189 652 non
212 589 255 654 est
275 589 394 653 causat
415 588 484 675 ipsa
506 611 586 654 vero
609 611 660 654 ara
682 586 855 675 praecedit
876 591 990 655 omnia
1012 612 1098 678 quae
1119 591 1156 658 in

14 683 18 694 '
75 694 119 746 aa,
138 688 168 736 et
185 693 245 758 per
266 693 359 748 eam,
383 674 479 738 atah
502 693 558 748 ea,
580 673 771 749 subfistunt;
795 693 911 739 eorum
923 696 1069 762 namque
1081 695 1158 740 cau·
1179 751 1180 756 ἵ

12 819 13 822 ,
73 755 98 819 la
115 755 159 820 ea.
198 754 291 822 Hinc
320 755 500 820 conficitur
518 755 555 820 in
576 755 681 842 patria
702 755 866 844 sapientia
887 758 1002 822 omnia
1022 775 1157 824 aeterna

73 838 141 912 elle,
160 859 232 904 non
255 855 368 906 tamen
390 837 425 904 ei
444 856 631 905 coaeterna.
673 841 746 906 Nec
766 843 963 919 jamdudum
984 840 1074 907 inter
1093 863 1158 908 noa

71 921 209 997 diacusa,
233 938 268 987 et
290 925 333 988 ad
352 922 586 990 inconcussum
605 923 731 990 mentia
751 923 906 989 habitum
918 927 1063 990 deducta
1076 948 1156 992 vcra

12 1021 14 1090 t
69 1003 196 1081 ratione,
224 1005 460 1093 sacrorumque
491 1021 625 1095 patrum
656 1004 852 1073 testimoniis
873 1007 910 1072 in
932 1011 999 1072 hoc
1020 1009 1157 1074 consen-

12 1091 14 1166 }
68 1087 221 1156 tientibua.
252 1091 344 1154 Num
364 1089 412 1156 ita
435 1111 479 1154 ue
499 1089 595 1156 videa
616 1095 709 1179 quod
729 1113 801 1156 non
818 1089 988 1156 immerito
1005 1113 1156 1172 mereor,

12 1167 15 1284 ι
68 1186 94 1234 et
123 1172 369 1240 adversantibua
452 1172 465 1238 i
499 1174 649 1240 invicem
679 1175 881 1257 diversarum
910 1174 1156 1261 cogitationum

12 1289 13 1340 3
66 1254 202 1322 flactibna
231 1255 380 1323 allidor?
415 1280 494 1322 narn
522 1261 693 1345 quomodo
722 1262 806 1323 haec
827 1255 886 1322 fibi
908 1257 1056 1324 invicem
1078 1279 1158 1324 con·

12 1347 14 1448 p
66 1339 162 1404 tenire
182 1342 342 1427 pellunt?
364 1341 389 1404 fi
411 1340 525 1406 omnia
563 1365 626 1407 uae
646 1343 742 1414 sont,
765 1340 803 1406 in
819 1341 982 1428 sapientia
998 1341 1158 1420 creatrice
1186 1374 1193 1390 κ

12 1457 13 1460 ¹
65 1439 177 1488 aeterna
203 1425 303 1500 sunt,
333 1427 506 1512 quomodo
536 1363 578 1492 tie
607 1423 715 1490 nihilo
739 1427 816 1489 sunt
836 1425 950 1490 facta?
984 1429 1156 1514 quomodo

64 1505 136 1570 enim
164 1509 271 1592 potest
293 1525 467 1574 aeternum
490 1509 570 1585 elle,
607 1512 700 1596 quod
719 1508 916 1598 priuaquarn
937 1507 1055 1585 fieret,
1083 1531 1155 1574 non

64 1589 137 1653 erat?
158 1606 219 1654 aut
239 1595 339 1678 quod
352 1591 477 1679 incipit
497 1593 559 1658 elle
580 1591 617 1658 in
640 1609 809 1678 tempore,
837 1607 871 1655 et
892 1614 969 1656 curn
991 1609 1154 1679 tempore,

61 1677 213 1756 quomodo
236 1675 345 1760 potell
365 1677 428 1740 esse
447 1675 484 1739 in
508 1674 732 1742 aeternitate?
757 1697 858 1740 omne
873 1673 1036 1773 liquidem
1052 1691 1156 1740 aeter·

61 1753 157 1822 nitatia
182 1758 355 1847 particepa
377 1781 443 1823 nec
464 1757 588 1848 incipit
610 1760 693 1834 elle,
728 1779 792 1823 nec
814 1759 952 1833 defin1t3
1010 1763 1080 1825 uod
1100 1781 1155 1824 au·

59 1852 113 1904 tam
128 1863 198 1905 non
225 1857 311 1918 crat,
336 1858 371 1906 et
384 1840 510 1930 incipit
524 1843 604 1919 elle,
628 1842 808 1907 necessario
827 1843 952 1908 desinet
967 1783 1040 1918 eie,
1063 1845 1154 1930 quod

58 1923 106 2002 οὓς
126 1946 228 1989 omne
249 1947 396 2012 namque
416 1928 508 2024 quod
528 1925 631 1990 initio
644 1943 724 1990 'non
742 1941 849 2000 caret,
872 1925 941 1990 fine
955 1948 1068 1991 carere
1082 1947 1154 1992 non

57 2009 154 2090 potest.
197 2009 281 2074 Non
314 2007 457 2074 invenie
490 2007 606 2096 itaque
628 2013 800 2097 quomodo
821 2011 905 2074 haec
925 2009 985 2075 sibi
1006 2009 1156 2075 invicem

12 2137 14 2158 .
55 2111 112 2154 oon
131 2109 354 2180 oppugnant:
389 2114 454 2180 qna
473 2091 626 2170 ratione,
663 2109 698 2156 et
719 2091 835 2158 omnia
853 2092 892 2158 in
913 2092 1078 2180 sapientia
1100 2093 1155 2160 dei

56 2189 170 2241 aeterna
191 2177 293 2248 sunt,
326 2191 360 2240 et
381 2179 423 2240 de
443 2175 554 2242 nihilo
576 2177 680 2252 facta,
702 2179 769 2242 hoc
791 2176 852 2253 ett,
881 2177 1078 2264 priusquam
1098 2176 1156 2244 fie-

54 2274 130 2334 rent,
150 2281 226 2326 non
250 2275 364 2344 erant3
385 2259 446 2323 nisi
468 2260 555 2324 sorte
577 2259 653 2347 quia
676 2259 1021 2347 dicatprimordialea
1041 2283 1154 2326 rerum

56 2341 190 2410 omnium
219 2344 336 2411 causas
367 2341 403 2406 in
437 2341 601 2442 sapientia
630 2342 885 2430 patrissemper
907 2345 971 2408 esse
991 2360 1153 2420 aeternae,
1264 2409 1269 2418 ,

55 2421 218 2493 informem
248 2449 330 2492 vero
362 2442 555 2501 materiem,
588 2425 625 2490 in
648 2449 714 2514 qua
738 2441 773 2490 et
792 2449 854 2513 per
874 2449 975 2514 quarn
995 2427 1033 2492 in
1056 2427 1152 2492 effec-

56 2521 97 2572 tua
122 2512 197 2576 suos
228 2533 293 2598 per
319 2509 572 2598 generationem
593 2509 803 2597 proveniunt
822 2509 861 2574 in
882 2533 1006 2598 genera
1029 2527 1063 2576 et
1084 2511 1153 2658 spe·

54 2590 108 2656 ciea
132 2593 259 2681 quibua
288 2596 436 2658 mundun
465 2593 645 2680 impletur,
679 2610 849 2658 aeternam
878 2615 950 2660 non
981 2596 1062 2658 esset
1112 2597 1154 2659 ed

53 2675 187 2817 puiaqnia
209 2681 281 2742 hoc
303 2676 441 2753 dixerit,
473 2693 614 2764 cogetur
634 2676 751 2752 sateri,
785 2677 959 2742 materiam
982 2681 1024 2742 de
1044 2677 1156 2742 nihilo

64 2773 158 2826 actam
178 2757 358 2826 causaliter
378 2759 468 2824 intra
489 2776 639 2825 aeternae
662 2783 774 2825 rerum
797 2761 911 2826 causac
932 2780 1005 2824 non
1025 2782 1153 2824 connu-

52 2846 243 2910 merandam.
286 2845 376 2907 Etsi
398 2847 465 2909 hoc
486 2844 700 2918 concesserit,
730 2842 910 2908 necessario
932 2845 1156 2910 concludetur

53 2938 81 2986 et
98 2944 238 3014 cogetur
259 2929 338 2991 dare
360 2948 432 2993 non
454 2925 569 2991 omnia
593 2928 650 2990 sed
671 2929 836 3013 quaedam
857 2925 893 2991 in
916 2926 1079 3024 sapientia
1099 2947 1155 3013 pa·

51 3006 97 3072 tria
124 3027 264 3076 aeterna
300 3011 375 3076 esse.
420 3009 598 3075 Materiem
619 3025 734 3080 autern
754 3009 935 3075 informem
955 3033 992 3074 rn
1011 3029 1156 3076 numero

50 3093 190 3160 omnium
220 3115 311 3183 quae
340 3115 359 3158 a
387 3097 462 3159 Deo
489 3094 578 3158 facta
605 3092 741 3158 suntin
764 3090 928 3180 sapientia
948 3093 1006 3158 sna
1026 3113 1156 3160 connu-

49 3176 173 3254 merari,
196 3199 304 3244 nemo
325 3191 417 3243 recte
436 3175 755 3266 Philosophantiuni
769 3177 960 3266 abnegarit:
981 3179 1155 3325 quomodo

49 3258 127 3326 enim
145 3283 265 3328 rerum
287 3259 443 3326 omnium
464 3262 576 3328 cansaa
597 3260 635 3325 in
652 3263 758 3326 verbo
779 3260 834 3328 dei
848 3277 982 3326 aeterna
995 3278 1061 3327 ater
1074 3281 1155 3328 con·

49 3339 120 3407 ditae
141 3346 229 3422 elle,
252 3343 437 3410 informem
456 3365 537 3410 vcro
558 3343 734 3410 materiem
756 3347 813 3409 sna
834 3345 932 3410 causa
950 3367 1062 3411 carere
1077 3342 1154 3440 quia

49 3423 145 3492 dicere
165 3427 303 3516 potest,
326 3427 469 3494 omnino
490 3449 561 3493 non
583 3427 726 3516 reperio.
768 3428 915 3495 Perinde
934 3429 959 3494 fi
979 3428 1017 3494 in
1037 3449 1157 3494 nume·

49 3527 79 3571 ro
103 3509 334 3578 univcrsrtatia
367 3511 525 3578 conditae
546 3511 687 3577 materia
707 3511 938 3591 concluditur,
972 3509 1154 3577 necessario
1225 3545 1228 3552 ·

48 3589 184 3680 seqnitur
213 3610 258 3659 ut
277 3593 289 3658 i
315 3595 379 3659 liua
403 3595 501 3660 causa
521 3617 564 3667 ex
581 3615 725 3660 numero
747 3597 920 3661 causarum
939 3592 1156 3658 aeternaliter

47 3670 76 3738 in
92 3677 263 3766 sapientia
308 3677 339 3742 ei
353 3694 538 3743 creatarum
554 3697 626 3744 non
643 3681 851 3759 excludatur.
879 3679 928 3741 M.
946 3681 999 3741 De
1015 3675 1155 3743 informi

46 3761 191 3840 materia,
216 3784 322 3861 qnam
343 3761 463 3828 Graeci
485 3757 572 3850 &tp
594 3777 721 3828 vocant
741 3763 856 3828 nullut
876 3759 914 3824 in
941 3761 1031 3826 saera
1054 3758 1155 3858 scrip·

49 3851 107 3909 trra
126 3859 415 3922 exercitatorum,
438 3861 633 3912 naturarum
655 3843 891 3912 conditionem
910 3861 1001 3910 recta
1020 3859 1155 3909 tattone

47 3929 274 4022 qoutiderana,
297 3929 439 4018 ambigit
458 3932 551 4016 quod
572 3951 591 3994 a
612 3926 791 3994 conditore
812 3925 966 3994 omnium
988 3944 1023 3993 et
1043 3927 1154 3994 causa·

45 4007 109 4076 tm
127 4015 224 4080 inter
246 4013 412 4091 causalea,
450 4029 485 4078 ct
505 4013 595 4079 inter
615 4011 787 4080 causarum
809 4009 947 4077 effectur
967 4011 1155 4078 secundum

45 4089 106 4160 suaa
132 4097 381 4198 proportionca
411 4096 550 4170 condita
579 4096 637 4161 fita
667 4093 728 4244 qui
758 4093 850 4161 enim
877 4093 961 4194 fecit
986 4097 1154 4161 mundum

46 4177 79 4240 da
94 4199 241 4248 materia
264 4179 422 4261 informi,
445 4179 518 4269 ipsa
538 4179 622 4249 fecit
640 4176 823 4256 inormem
836 4194 1012 4248 materiem
1029 4180 1071 4246 de
1085 4187 1154 4246 ont·

639 4297 753 4369 ιω*
