2854 4978
411 129 755 271 ''mnvome
898 247 902 255 -
1099 193 1173 290 ear
1257 189 1259 197 ¹

65 343 244 454 ditinum,
270 377 276 390 “
327 381 336 400 “
343 343 439 472 solas
456 379 559 450 taen
577 382 881 450 imnwrtnlitatenr.
901 390 937 445 et
949 379 1057 449 laren
1073 381 1168 452 lutr-

63 480 114 530 tas
142 467 255 528 inaeee
313 465 397 528 ilem.
438 463 635 532 Praesertim
666 487 752 553 quae
785 468 827 530 de
857 462 959 548 longe
982 465 1167 550 praesentis

63 547 186 646 negotii
207 546 313 620 finem
336 547 565 623 considerans,
589 552 632 614 ad
650 551 719 616 hoa
740 548 832 617 enim
853 545 1007 632 praesens
1029 548 1166 616 ratioci-

60 648 167 707 natio,
189 628 362 696 imovero
384 630 454 718 ipsa
474 630 561 696 ratio
582 634 756 720 perducet,
777 649 818 698 ut
831 626 941 695 intelli
967 653 1071 708 amus,
1093 652 1166 698 non

61 715 160 779 solum
191 713 229 778 in
252 719 355 780 verbo
377 711 443 778 Dei
465 713 580 780 omnia
600 731 736 782 aeterna
757 731 792 780 et
812 716 901 779 facta
921 651 1004 791 eim
1021 729 1169 786 ¹verunt·

59 797 152 864 etiam
181 795 295 884 ipsum
325 798 440 864 omnia
466 797 595 876 facere,
630 799 730 868 etin
753 798 911 865 omnibus
931 794 1006 863 lieri
1026 797 1168 885 simplici

58 879 173 946 mentis
204 880 296 956 acie,
331 897 371 946 ut
393 880 440 947 ait
460 881 602 948 Sanctue
625 883 821 958 Maximus,
855 884 1066 962 peractiones
1085 905 1168 962 quae

58 968 89 1030 in
113 963 333 1056 existentibus
344 971 348 978 '
359 961 441 1055 frent
460 968 508 1030 ad
527 965 647 1060 causae
666 969 817 1040 verbam.
849 963 1010 1038 videlieet,
1032 963 1167 1069 efferen-

57 1063 101 1112 tes
121 1050 341 1128 intellectum,
363 1063 398 1126 et
420 1046 485 1141 inst
494 1045 565 1142 soli
584 1065 703 1134 utpote
724 1049 940 1134 congreganti
959 1071 1069 1116 omme
1082 1069 1169 1134 'quae

57 1156 94 1200 aa·
112 1127 184 1224 ipso
202 1131 302 1224 sunt.
325 1147 359 1198 et
378 1137 565 1200 attrahenti
584 1136 762 1220 alligantes
782 1132 967 1202 rationibus
981 1129 1169 1282 persagn-

57 1216 320 1308 inexistentiam
343 1221 496 1283 ordinate
517 1221 659 1296 utendo,
678 1243 744 1286 non
753 1221 830 1306 jam
851 1242 911 1284 con
932 1211 1036 1308 essese
1073 1240 1167 1300 prae·

56 1301 135 1364 clare
163 1303 356 1377 eredentes,
379 1299 492 1391 solum
530 1306 693 1370 dominum
714 1307 891 1388 propriae
921 1309 1106 1369 erelietam
1128 1325 1170 1366 ea·

58 1383 230 1468 diligenti,
253 1409 339 1471 qnae
360 1388 408 1480 ss
429 1389 536 1451 adea
558 1386 754 1482 quaesunt,
786 1391 984 1462 intentione,
1016 1400 1050 1451 et
1071 1381 1169 1478 effen·

58 1471 132 1534 tiam
154 1468 387 1572 exilientium,
411 1483 444 1535 et
465 1477 608 1549 rnatum,
631 1487 666 1536 et
686 1468 912 1562 differentiam
927 1471 1169 1544 discretionem,

59 1566 89 1616 et
117 1558 356 1620 continentiam
386 1549 606 1648 insolubilem.
641 1559 820 1622 mixromm
854 1569 888 1620 et
907 1549 1169 1642 fundamentum
1207 1619 1208 1624 ,

59 1639 253 1702 immutabile
273 1634 470 1725 positorum,
493 1655 528 1703 et
548 1641 654 1706 omnis
664 1637 867 1730 sunplieiter
887 1653 925 1702 nt
946 1640 1060 1722 cuique
1075 1638 1169 1702 intes-

57 1720 151 1786 leetae
172 1748 190 1787 e
222 1726 349 1800 entiae,
374 1738 408 1788 et
429 1738 535 1789 motus
555 1726 785 1801 discretionis,
808 1738 842 1787 et
863 1721 1120 1814 compqfitionis,
1134 1734 1168 1785 et

57 1805 161 1870 habitu
188 1810 257 1872 snis
277 1829 337 1869 cau
355 1831 414 1883 ae,
440 1811 521 1892 qnid
541 1809 636 1873 aliud
656 1807 762 1954 rista
779 1807 944 1889 intelligi,
977 1803 1040 1896 nrss
1061 1800 1168 1902 ipsum

58 1894 156 1954 onnia
176 1895 211 1956 in
231 1895 321 1956 omni
342 1915 380 1956 us
392 1891 500 1982 fieri?
527 1894 665 1977 Quomo
692 1914 712 1956 o
734 1906 848 1956 autem
869 1905 927 1954 aut
949 1912 1014 1976 qua
1036 1906 1168 1954 ratione

61 1973 181 2039 domini
201 1971 348 2040 verbum
366 1975 404 2039 in
427 1973 604 2052 omnibus,
661 1996 726 2039 uae
746 1974 865 2039 inille
887 1975 975 2039 sacta
997 1973 1093 2049 sunt,
1115 1972 1166 2046 fit,

59 2056 171 2123 mentis
203 2059 335 2124 nostrae
359 2057 466 2124 aciem
488 2058 604 2146 sugit‘l
672 2080 711 2126 ec
733 2057 874 2134 mirum,
909 2079 986 2122 cum
1007 2055 1044 2120 in
1067 2058 1167 2119 rebus

59 2137 257 2207 sensibilibus
278 2163 381 2207 nemo
404 2143 512 2234 potest
534 2142 666 2218 dicere,
689 2144 862 2230 quomodo
882 2139 934 2204 vie
948 2137 1117 2204 seminalia
1129 2137 1166 2202 in

57 2221 171 2306 species
186 2224 338 2290 nifibiles
361 2226 570 2312 formaeque,
592 2224 630 2290 in
651 2226 765 2290 varios
786 2227 935 2302 colores,
959 2223 996 2288 in
1018 2221 1165 2308 diverses

59 2309 190 2372 odorum
210 2309 393 2376 suavitates
415 2330 616 2396 erumpente
639 2310 678 2373 fit
698 2309 844 2373 sensibus
864 2305 1055 2383 manifesta,
1078 2303 1166 2369 etin

57 2391 143 2455 rebus
165 2391 274 2468 facta,
299 2408 333 2456 et
355 2395 435 2456 dum
456 2394 495 2456 sit
516 2393 688 2457 manifesta
707 2414 779 2457 non
801 2392 927 2456 desinat
946 2391 1008 2454 esse
1023 2389 1166 2454 occulte.

55 2474 92 2538 Et
109 2473 172 2539 five
194 2474 371 2540 manifesta
395 2477 433 2538 fit
454 2477 519 2540 five
542 2478 695 2552 occulta,
717 2474 927 2540 naturalibue
947 2472 1014 2538 suie
1032 2469 1166 2537 virtuti·
1250 2513 1252 2518 -

57 2556 110 2620 bue
136 2581 316 2645 nunquam
348 2558 510 2623 deseritur
540 2575 612 2623 tota
631 2559 668 2624 in
690 2558 787 2633 totis,
816 2573 895 2622 tota
917 2557 954 2619 in
977 2553 1081 2642 seipsa
1100 2575 1166 2620 nec

57 2641 182 2718 crescit,
225 2646 305 2708 dum
340 2643 476 2708 videtur
506 2641 745 2728 multiplicari,
779 2661 844 2705 nec
864 2638 1048 2712 minuitur,
1085 2641 1166 2700 dum

59 2739 183 2806 putatur
202 2726 245 2790 in
270 2723 476 2814 paueitatem
498 2724 674 2800 contrahi,
703 2723 819 2788 sedin
842 2725 962 2791 eodem
984 2721 1068 2784 statu
1088 2720 1166 2784 suae

58 2821 184 2872 naturae
204 2808 467 2874 immutabiliter
486 2821 673 2896 permanet.
717 2810 796 2871 Non
819 2805 911 2870 enim
932 2803 1045 2868 minor
1068 2801 1163 2866 estin

58 2909 118 2954 uno
146 2913 254 2978 greum
287 2891 394 2957 tritici
414 2892 508 2956 verbi
532 2890 655 2989 gratia,
691 2913 793 2976 quam
814 2889 851 2953 in
873 2887 989 2952 multis
1010 2883 1165 2950 meffibut

63 2971 112 3036 sub
139 2979 261 3042 eodem
292 2997 416 3063 genere
443 2973 697 3060 multiplicatie,
731 2989 767 3038 et
787 2974 880 3058 quod
901 2971 945 3035 est
965 2968 1163 3042 mirabilius,

60 3075 114 3123 nee
136 3056 174 3124 in
204 3081 277 3124 uno
299 3080 403 3144 grano
426 3072 500 3123 toto
521 3061 628 3136 major
650 3057 710 3132 est,
747 3077 847 3143 quam
867 3055 905 3120 in
928 3051 1094 3139 particula
1116 3051 1165 3137 ip·

61 3137 115 3204 fius
133 3147 240 3230 grani.
283 3141 464 3227 Multiplen
485 3141 578 3207 enim
599 3141 635 3204 in
658 3139 812 3212 tenneli,
849 3156 972 3203 etune
994 3134 1162 3200 iumulti·

60 3221 205 3318 plicibus.
250 3223 286 3290 si
315 3246 396 3290 vero
420 3224 495 3312 quis
518 3224 640 3290 dixerit
659 3223 732 3288 vim
756 3223 1015 3287 seminumznon
1036 3241 1097 3307 per
1119 3218 1164 3282 se·

59 3305 172 3450 hylam,
212 3305 326 3374 sedin
349 3307 392 3372 ali
416 3307 639 3384 uamaterie,
672 3310 739 3371 hoc
760 3307 822 3383 eil,
848 3305 886 3370 in
907 3309 1051 3374 humore
1073 3318 1164 3390 pate·
1242 3359 1246 3369 .

81 3390 153 3456 etii
186 3329 494 3479 Respondenium‚
526 3391 607 3458 siin
631 3391 647 3453 s
669 3391 742 3456 ecie
763 3405 901 3478 apparet
925 3405 959 3452 et
981 3388 1057 3484 fit„
1076 3385 1165 3482 estne

61 3469 177 3556 speciee
201 3475 369 3541 materiai
407 3479 488 3542 dum
519 3474 629 3541 manis
673 3497 691 3538 a
719 3473 808 3539 ratio
828 3476 966 3547 clamat,
1001 3470 1165 3556 quicquid

60 3573 183 3624 maneat
201 3559 240 3624 in
260 3557 400 3624 materia
419 3579 481 3644 per
501 3557 648 3646 speeiem
668 3579 815 3632 manere,
841 3556 923 3621 dum
943 3575 1004 3640 per
1024 3551 1164 3637 seipsam

62 3651 92 3700 tt
108 3638 266 3708 instabilis
288 3659 323 3706 et
342 3640 499 3708 informis
519 3641 578 3717 fit,
609 3661 647 3706 ae
669 3663 757 3727 pene
777 3638 865 3705 nihil
886 3640 942 3712 s1t;
972 3634 996 3699 fi
1016 3635 1053 3698 in
1076 3634 1163 3730 eolo·

62 3719 143 3790 ribus
170 3747 243 3793 uon
272 3725 413 3791 materia
443 3725 506 3802 esi,
537 3746 598 3790 cur
626 3724 753 3788 constat
781 3742 838 3788 eos
868 3721 1162 3790 circumeuntem,
1196 3763 1200 3768 .

64 3801 124 3872 imo
145 3811 246 3875 etiam
267 3809 357 3876 circa
377 3809 523 3896 speciem
544 3805 703 3894 intelligi.
746 3805 782 3872 si
803 3806 840 3870 in
862 3806 1006 3868 odorum
1022 3800 1164 3865 suavita·

67 3885 146 3958 tibus
166 3917 250 3958 num
272 3897 357 3959 odor
376 3893 517 3958 materia
538 3892 599 3966 esi,
623 3912 703 3956 cum
724 3889 866 3976 qualitas
889 3885 1070 3951 olfaciendi
1093 3885 1161 3947 sen·

66 3969 128 4065 sum
147 3977 294 4044 afficiens
316 3979 356 4043 ab
377 3975 451 4053 his,
473 3972 533 4065 qui
554 3973 635 4040 talia
650 3988 811 4050 tractant,
834 3972 898 4037 esse
914 3971 1060 4044 dicatur,
1085 3989 1161 4114 ffun-

66 4053 131 4149 ista·
160 4078 272 4127 autem
298 4061 498 4148 incorporea
520 4061 573 4124 est.
617 4055 780 4125 Similiter
801 4059 843 4122 de
863 4052 1003 4122 caeteris
1024 4074 1089 4139 qua
1103 4067 1171 4114 sta·¹

69 4139 165 4220 tibur,
195 4145 317 4232 quibus
339 4145 446 4211 virtue
472 4143 637 4210 seminum
659 4143 742 4209 solet
763 4161 939 4229 apparere,
967 4137 1159 4204 dicendum.
