2854 4978
500 228 787 314 laceraretur.
870 219 875 237 '
1093 231 1196 307 alo
1242 225 1245 232 ’

73 415 245 492 mnae.
267 413 375 482 velati
396 435 438 493 ex
458 417 604 504 quodam
625 416 723 486 fonte
741 415 934 498 inexhausto
947 417 1134 506 profluunt,
1159 432 1195 484 ca

74 501 115 568 in
133 521 213 568 earn
233 514 536 588 quantamcunque
558 499 830 587 multiplicentur
852 501 1024 579 definum,
1056 521 1129 568 non
1152 502 1194 568 ab

73 607 119 652 ea
149 583 290 671 qaidcm
342 584 575 652 colluerentsr
609 601 688 655 ante
710 607 827 652 eorum
848 585 977 651 fluxum
999 582 1037 652 in
1059 607 1098 652 ca
1119 605 1193 653 noa

76 666 255 734 metaliter
273 607 500 744 indiderant,
523 689 587 738 trec
609 666 646 732 in
668 689 742 732 eam
766 669 914 736 definere
936 684 1145 754 appeterent,
1167 669 1193 733 fi

74 772 149 816 non
180 751 219 816 in
253 772 292 818 ca
323 752 397 819 luae
429 753 541 820 mulae
576 751 789 818 aeternaliter
820 771 1018 840 permanere
1048 749 1194 818 naturali

73 849 176 900 moto
206 852 473 921 cognoscerent,
508 838 659 923 adquae
687 837 818 923 semper
846 834 957 902 redire
977 857 1049 900 non
1071 835 1195 904 cedant
1302 907 1307 918 ,

102 939 140 986 er
170 921 312 990 eoadem
332 921 455 1006 graina
479 920 601 1007 quibua
624 922 664 985 ab
688 923 806 987 eadem
825 920 1075 1018 profluxerant,
1108 921 1194 987 Ana·
1272 949 1288 956 ·

71 941 190 1085 syricio
208 1001 334 1090 regulis
354 1025 414 1090 per
435 1025 516 1104 guae
539 1002 651 1069 omnia
664 1001 886 1091 inaequahtaa
899 1006 942 1069 ad
958 1001 1196 1092 aequalitatem

5 1109 7 1152 e
74 1100 268 1154 revocatur.
311 1087 503 1174 earlytrcrr
536 1103 650 1154 atem
680 1111 717 1154 re
765 1089 813 1154 lae
842 1085 880 1154 in
911 1087 1025 1162 fronte
1054 1083 1196 1156 fecundi

5 1173 6 1204 ³
72 1181 235 1234 tractatae
280 1171 471 1238 Matheleoa
516 1111 690 1258 mssnifici
758 1171 864 1240 oethii
903 1168 1070 1237 -lludiolua
1104 1169 1194 1258 quie·

4 1275 5 1280 ¹
72 1273 144 1403 Zac
179 1251 299 1320 talium
338 1254 485 1320 mirabili
527 1271 723 1322 naturarum
766 1254 988 1342 indagatione
1026 1253 1194 1342 reperietr

131 1351 246 1404 autem
296 1336 349 1406 uie
379 1337 502 1405 dixerit
528 1354 563 1404 et
588 1337 756 1405 unitatem
776 1332 1015 1416 numerorum,
1050 1354 1085 1402 et
1104 1337 1195 1426 iploc

74 1441 237 1504 numeror
338 1422 373 1486 ul
409 1424 473 1486 elle
506 1420 562 1494 ini
604 1423 791 1502 arabiliter,
830 1422 993 1508 quoniam
1021 1420 1113 1488 inter
1143 1442 1193 1499 ea,

69 1525 164 1592 qaae
192 1505 306 1584 timul,
342 1520 376 1576 et
397 1505 584 1592 inseparabr
599 1507 663 1572 iter
683 1509 779 1586 sunt,
811 1529 883 1572 non
904 1505 1009 1572 incon
1051 1527 1094 1572 ue
1116 1527 1195 1572 corr·

73 1603 317 1664 emerentur,
349 1609 421 1656 non
443 1593 662 1667 nennium,
694 1591 764 1658 imo
787 1589 889 1658 etiam
910 1591 1003 1656 fateri
1030 1608 1106 1666 um3
1136 1589 1194 1656 sed

72 1693 146 1737 aron
175 1671 256 1740 ideo
286 1687 422 1740 aeterna
451 1695 470 1742 e
496 1695 533 1748 e,
589 1673 806 1772 rincipioque
834 1695 946 1740 carcre
973 1675 1192 1749 credendum,

74 1757 133 1822 rel
166 1755 440 1844 intelligendum.
499 1698 611 1825 Madia
641 1780 735 1824 cmm
761 1760 840 1823 lunt
867 1778 953 1844 quae
983 1757 1079 1824 fimul
1108 1755 1195 1823 inci·

68 1839 179 1990 piant
208 1841 293 1915 elle,
327 1863 399 1908 non
429 1857 544 1908 tamen
570 1842 648 1908 ideo
672 1841 884 1908 aeternaliter
905 1856 1077 1928 coguntur
1097 1839 1194 1906 subfi-

96 1935 182 2000 ere;'
194 1945 273 1994 nara
295 1939 330 1992 ot
350 1925 508 1994 materies
529 1941 567 1990 et
586 1926 705 2001 forma.
729 1943 763 1991 et
783 1947 851 1992 vox
875 1941 910 1990 et
930 1927 1074 1990 verbum
1094 1921 1190 1992 fimul

70 2007 249 2096 incipiam
275 2007 372 2078 firnrl
404 2009 580 2084 defluunt,
613 2031 681 2076 nec
711 2025 825 2076 tamen
858 2024 993 2076 aeterna
1023 2010 1113 2074 sunt.
1156 2007 1193 2074 si

71 2093 168 2160 enim
188 2107 324 2160 aeterna
346 2092 451 2158 client
471 2115 537 2158 nec
558 2091 752 2180 inciperent
771 2114 838 2159 nec
859 2093 1048 2161 defluerent
1061 2093 1134 2166 elle,
1158 2105 1193 2154 et

69 2178 180 2244 multa
199 2175 238 2244 id
251 2195 383 2263 genua:
402 2177 695 2277 respondendum,
718 2176 866 2242 senariae
880 2197 1043 2244 numerus
1060 2177 1100 2240 ab
1116 2173 1192 2240 uni·
1229 2249 1232 2259 y

70 2277 163 2338 tace,
188 2275 223 2326 et
242 2257 529 2344 multiplicatione
553 2259 697 2328 aliorum
717 2281 939 2332 numerorum
959 2281 1031 2326 non
1053 2255 1194 2327 secludi·

71 2360 148 2421 tur,
179 2343 374 2433 praesertim
403 2365 482 2410 cum
509 2345 598 2410 soloe
624 2345 661 2412 in
684 2345 932 2422 cardinalibus,
965 2345 1033 2409 hoc
1053 2343 1117 2418 eli,
1153 2341 1191 2406 in

70 2429 184 2516 primo
204 2427 303 2493 vorsu
326 2448 546 2494 numerorum
569 2431 609 2494 ab
632 2451 703 2494 uno
725 2450 836 2528 usque
861 2431 905 2494 ad
927 2430 1043 2492 decem
1109 2426 1212 2494 ticon

70 2529 128 2578 trra
155 2512 214 2576 fita
246 2509 316 2576 luit
337 2531 484 2610 namque
530 2511 658 2577 artibus
677 2513 874 2612 perficitur,
909 2511 1000 2576 sexta
1019 2509 1056 2574 vi
1081 2509 1191 2584 elicet,

71 2611 108 2660 et
128 2593 244 2671 tertia,
267 2608 302 2658 et
322 2593 473 2661 dimidia.
504 2535 527 2660 ἓ

72 2678 218 2746 dimidia
245 2675 326 2755 tria,
351 2699 442 2826 {duae
469 2679 565 2746 fimul
597 2695 794 2767 compactae
817 2677 982 2744 senariam
1002 2674 1194 2743 conficiunt

69 2762 309 2851 quantitatem.
382 2784 466 2826 num
489 2761 672 2849 Equidem,
704 2778 739 2828 et
760 2765 853 2838 duo,l
873 2778 909 2827 et
930 2759 994 2826 tria
1016 2761 1070 2826 lex
1090 2757 1190 2836 fiunt,

69 2847 117 2912 est
146 2862 184 2912 et
211 2845 277 2912 alia
310 2844 397 2912 ratio
420 2867 508 2932 quae
529 2844 616 2912 miro
637 2849 741 2914 modo
762 2843 885 2912 [ennii
905 2841 1041 2914 numeri
1061 2842 1193 2931 perfec·

70 2931 204 2996 tionem
236 2930 401 3005 infinirat,
435 2951 521 3017 quac
550 2929 699 3016 primum
728 2929 863 2996 versum
883 2949 1104 2996 numerorum
1123 2921 1192 2990 fuir

43 3059 51 3070 ·
69 3013 225 3102 partibor
242 3013 397 3080 ordinate
413 3013 602 3080 constitutio
618 3011 762 3101 perficit.
795 3015 894 3086 Sexta
908 3033 985 3100 part
997 3015 1070 3092 ejua
1082 3029 1192 3076 unum

68 3096 222 3186 primum
241 3119 462 3164 numerorum
483 3097 619 3163 obtinet
638 3100 771 3173 locum,
796 3097 895 3162 tertia
907 3098 976 3162 duo
991 3094 1190 3167 secundum,

531 2611 605 2661 exta
628 2599 893 2683 quadem'utrum
911 2595 969 2670 est,
994 2592 1092 2660 tertia
1110 2595 1190 2668 duo,
1299 2606 1306 2618 ’

72 3179 217 3248 dimidia
237 3181 300 3246 tria
322 3182 479 3255 tertium
511 3179 651 3246 dimidia
675 3195 709 3246 et
727 3182 819 3246 sexta
839 3195 1014 3268 quartum,
1037 3175 1190 3254 dimidia,
1306 3195 1310 3200 ·

71 3263 232 3338 catania,
251 3267 428 3350 quaesunt
448 3264 511 3330 tria
527 3279 562 3330 et
576 3269 654 3342 duo,
671 3263 848 3352 quintnmr
868 3281 980 3352 parter
992 3268 1191 3344 eiurornnee

70 3349 170 3414 limnl
179 3353 383 3428 conjunctae
394 3349 566 3435 quaesunt
575 3371 696 3426 unum,
712 3350 793 3426 duo,
807 3347 881 3424 tria,
896 3345 1192 3434 sextum,leipium

68 3431 234 3498 videlieet
242 3433 427 3518 complent.
440 3435 636 3500 Totuacum
649 3433 706 3498 lua
714 3433 815 3510 sexta,
824 3435 893 3499 hoc
901 3432 955 3508 cll,
966 3413 1205 3504 feretranam,x

69 3511 271 3604 septimanae
294 3530 386 3580 totu·
401 3537 481 3581 cum
498 3516 557 3580 lua
572 3517 687 3591 tertia,
711 3521 779 3582 hoc
794 3518 848 3592 eil,
873 3517 978 3582 [exet
991 3517 1078 3588 duo,
1101 3526 1192 3610 octa·

66 3621 172 3674 crana,
193 3613 286 3666 totua
307 3620 387 3666 carm
409 3599 467 3663 lua
489 3596 630 3664 dimidia
651 3623 803 3676 nonum,
826 3605 894 3668 hoe
911 3599 974 3673 est,
995 3597 1051 3660 lex
1066 3610 1101 3659 et
1114 3609 1191 3667 trra,

69 3681 196 3771 quibua
218 3683 243 3747 fi
264 3703 374 3748 unum
395 3685 548 3758 addatur,
564 3681 602 3746 in
624 3705 691 3770 quo
707 3685 862 3749 omnium
877 3700 1100 3747 numerorum
1112 3673 1192 3746 finio

67 3764 304 3844 constituitur,
337 3765 475 3834 denaria
502 3766 673 3852 quantitas
728 3765 909 3832 erficietur.
953 3762 990 3827 Si
1017 3781 1097 3848 ergo
1118 3779 1193 3846 per·

68 3851 182 3918 intua
201 3848 262 3916 illc
282 3870 464 3926 nummus,
486 3847 636 3916 sennim
655 3791 838 3926 videlicet,
859 3847 898 3912 in
919 3845 1054 3915 unitate
1073 3863 1191 3912 name·

66 3955 187 4001 rorum
207 3932 441 4011 constituitur,
475 3931 593 4000 videat
613 3931 672 4021 qui
693 3931 795 4010 dicit,
820 3953 900 3998 eum
922 3945 1098 3998 aeternum
1119 3947 1190 3994 non

68 4018 155 4096 elle,
177 4039 258 4084 ctam
277 4017 315 4084 in
336 4016 411 4106 ipio
431 4014 587 4084 omnium
609 4015 768 4086 conditor
789 4037 891 4104 opera
911 4017 969 4082 lua
988 4011 1189 4104 perfeceritr

68 4101 134 4168 nbi
153 4105 346 4170 notandam
366 4103 461 4190 quod
480 4121 553 4168 non
574 4101 653 4168 ideo
667 4097 827 4170 asenarius
844 4121 1006 4170 nummus
1020 4097 1191 4246 perfectus

69 4185 141 4264 eli.
177 4184 341 4274 quoniam
357 4185 398 4276 in
420 4205 462 4254 eo
483 4189 577 4254 Deua
597 4202 721 4255 cuncta
742 4198 829 4273 quae
849 4207 960 4253 creare
981 4203 1025 4248 vo
1041 4193 1093 4246 urt
1113 4199 1192 4249 con·
