2922 4978
494 258 601 331 taorr
622 257 784 344 erman
1106 259 1184 333 ata
1228 247 1231 252 ’

76 443 165 512 cira
242 439 446 508 einnuitur.
488 442 587 512 Verbi
648 442 724 509 atie.
757 444 943 513 Abrahamo
965 443 1180 512 dictumue

75 549 152 612 egre
177 549 230 596 ete
252 527 499 606 deterruere,
534 542 569 602 et
615 525 844 610 ecogttatt'orte
864 543 939 606 tua,
969 545 1002 594 et
1022 529 1181 606 dedomo

71 615 184 696 patris
211 614 281 676 aui:
297 625 348 674 -et
367 613 444 674 veni
465 615 498 676 in
516 625 639 680 terram
657 635 753 700 quam
775 611 996 702 motfiravero
1018 614 1092 678 tibi.
1134 615 1179 676 Et

99 694 146 760 ost
167 695 345 780 aliquanta.
391 687 564 782 stofaetus
584 696 659 760 iada
678 689 843 762 Abraham
864 701 898 762 in
919 711 1038 762 terram
1052 691 1178 784 austra·

71 720 154 851 lim,
181 793 216 842 et
232 777 402 843 miravit
425 782 510 844 iuter
532 781 640 847 Gades
662 794 695 860 et
715 774 830 872 Affirr,
851 784 917 848 hoc
933 781 976 846 ett
988 779 1076 844 inter
1089 784 1180 846 sanc·

74 861 296 928 tilicationem
315 876 350 924 et
370 862 681 947 aequanimitatem
703 863 792 928 inter
813 885 893 950 quaa
914 863 951 929 in
974 880 1109 928 aeterna
1129 885 1178 926 re·

72 944 155 1031 quie
176 944 284 1008 omnia
308 943 495 1012 sanctorum
516 945 659 1012 felicitae
681 947 859 1012 constituta
881 947 933 1012 est.
970 943 1194 1044 sanctificati·

72 1027 187 1102 enirn,
219 1031 284 1094 hoe
313 1029 356 1090 est
389 1031 482 1094 omni
504 1029 876 1117 contagionecorporia
897 1046 931 1094 et
951 1031 1082 1094 animae
1102 1051 1180 1117 pur·
1253 1098 1256 1112 ,

94 1109 166 1186 ati,
200 1110 442 1198 aequanimiter
469 1120 562 1194 juxta
593 1117 682 1200 legen
703 1129 842 1178 naturae
862 1111 985 1178 victuri
1007 1115 1094 1177 sunt.
1134 1114 1180 1175 Et

69 1135 204 1290 bqnia
241 1194 338 1261 aliam
369 1198 460 1260 Assur
489 1193 802 1284 interpretationem
822 1218 908 1283 quae
929 1191 1180 1283 eslMesopota·

69 1299 141 1342 uua
175 1279 448 1355 consideraverit,
490 1278 748 1367 pulcherrimam
777 1279 1010 1367 praesentique
1038 1303 1081 1344 ne
1106 1278 1178 1343 otio

70 1360 419 1428 convenientiffimam
441 1364 589 1430 theoriae
611 1363 817 1428 occationem
831 1363 1002 1440 iuveniet3
1025 1302 1178 1448 Mesopo·

70 1443 176 1508 tamia
197 1443 323 1530 quippe
345 1446 454 1510 media
474 1447 563 1514 inter
584 1447 723 1512 flumina
745 1461 779 1510 et
800 1447 844 1512 est
865 1463 899 1512 et
921 1446 1054 1511 dicitur.
1084 1449 1176 1509 Nun·

68 1526 156 1614 quid
185 1544 297 1592 autem
327 1529 487 1594 credibile
516 1531 558 1594 ett
579 1529 823 1596 habitationem
844 1531 1030 1596 sanctarum
1055 1529 1177 1594 anima·
1272 1545 1277 1558 ‘
1358 1596 1361 1607 ⁴

70 1633 149 1674 rum
173 1611 344 1696 totiusque
365 1617 531 1677 humanae
553 1630 691 1678 naturae
712 1613 906 1680 restauratae
926 1613 1005 1678 alibi
1018 1614 1175 1688 suturam,

68 1692 134 1756 nist
163 1692 252 1758 inter
274 1693 383 1759 media
406 1695 627 1782 spiritualium
649 1697 814 1761 virtutum
835 1697 995 1772 flumina,
1018 1719 1058 1760 ex
1080 1695 1175 1762 fonte

68 1773 227 1858 omnium
255 1780 421 1842 bonorum
452 1777 645 1856 manantia?
679 1783 723 1842 Et
751 1779 834 1867 quid
861 1780 952 1844 aliud
981 1796 1110 1865 praeter
1139 1777 1176 1842 id
1224 1847 1230 1856 ,

67 1855 182 1944 ipsum
213 1882 273 1945 per
295 1859 556 1946 repromissionis
591 1877 711 1926 terram
743 1868 785 1928 ad
813 1886 913 1949 quarn
942 1862 1006 1926 Dei
1028 1862 1175 1948 populna

66 1945 194 2006 ductus
226 1942 288 2018 est,
318 1945 519 2030 Aegyptiace
540 1943 735 2032 captivitate
758 1945 983 2032 servituteque
1003 1946 1174 2017 tiberatus,

64 2025 205 2106 mystice
233 2025 509 2172 fignificabaturs,
542 2031 634 2093 Haec
664 2030 708 2094 est
732 2045 816 2094 terra
840 2028 1028 2094 viventium
1050 2028 1086 2092 in
1109 2047 1174 2115 qua

64 2105 175 2175 sancti
196 2110 263 2194 dup
278 2107 342 2173 ieia
364 2109 586 2196 poffidebunt,
605 2116 672 2176 hoc
694 2113 737 2176 en
759 2113 907 2199 corporie
931 2127 964 2176 et
974 2112 1105 2176 animae
1125 2110 1173 2173 se·

63 2189 243 2259 licitatem.
286 2196 338 2257 De
365 2199 427 2259 hac
450 2193 550 2258 etiam
573 2195 741 2262 Dominus
765 2197 835 2282 ipse
856 2196 921 2261 ait:
952 2197 1174 2266 beatimites,

3 2305 5 2312 ·
62 2278 221 2359 quoniam
253 2273 317 2366 ipsi
343 2271 550 2380 poffidedunt
579 2293 711 2347 temam.
755 2283 857 2364 Quod
878 2294 990 2344 autem
1011 2277 1172 2363 sequitur,

61 2361 146 2440 quia
167 2373 256 2435 terra
277 2384 311 2422 es
332 2375 365 2424 et
386 2386 420 2426 m
441 2376 561 2426 terram
583 2364 668 2436 ibis,
694 2366 748 2428 vel
770 2365 852 2427 ficut
872 2361 909 2426 in
932 2363 996 2427 alia
1009 2361 1171 2446 interpre-

65 2441 198 2506 tatione
222 2443 432 2522 continetur,
455 2449 534 2528 quia
554 2447 666 2527 putvtr
685 2472 720 2511 es
740 2461 773 2510 et
793 2451 826 2510 in
845 2445 1009 2527 pidverem
1030 2457 1170 2508 reverte·

63 2529 135 2599 ris,
162 2525 272 2621 potest
301 2529 343 2590 sic
370 2527 477 2592 intelli
505 2528 534 2592 ‘t
564 2545 603 2591 ut
633 2533 877 2613 quum'natura
897 2523 1002 2594 anstai
1024 2549 1108 2672 puae
1129 2527 1174 2590 ad

62 2607 251 2692 imaginem
283 2627 317 2679 et
336 2551 587 2696 similitudinem
610 2613 675 2675 D'ei
697 2615 783 2676 sacta
806 2611 865 2683 est,
894 2633 934 2676 ea
959 2609 1062 2674 serni
1085 2626 1172 2672 terra

60 2691 314 2778 primitivarum
343 2695 514 2758 causarum
545 2696 656 2758 sumsit
687 2693 883 2767 exordium,
913 2695 949 2758 in
971 2715 1044 2757 eam
1067 2691 1172 2776 igitur
1277 2713 1279 2717 ·

61 2777 241 2840 credamus
270 2777 448 2842 necessario
480 2779 672 2842 redituram.
716 2779 750 2842 Si
781 2793 892 2841 autem
920 2774 1090 2862 quaeritur
1111 2795 1171 2838 cur

58 2858 215 2945 praefata
237 2875 322 2926 terra
343 2860 379 2924 in
402 2860 465 2926 alia
486 2859 764 2945 interpretatione
785 2857 931 2946 pulveris
952 2858 1091 2923 nomine
1108 2856 1169 2941 fig·

61 2941 243 3019 nificatur,
274 2965 343 3008 non
372 2942 436 3008 alia
455 2944 541 3010 ratio
562 2947 735 3016 reddenda,
753 2945 812 3018 esl,
844 2944 905 3008 nisr
926 2939 1005 3028 quia
1025 2941 1109 3004 ficut
1130 2961 1170 3002 ex

59 3027 205 3112 pulvere
233 3027 326 3092 illiue
353 3043 458 3090 terrae
480 3027 642 3092 sensibilia
663 3028 775 3093 omnia
798 3049 882 3113 quae
904 3028 946 3090 de
968 3047 1005 3088 ea
1027 3044 1171 3088 naacun·

60 3124 137 3184 tur,
162 3111 321 3177 naacendi
343 3111 474 3176 causam
495 3110 683 3196 accipiunt:
720 3111 766 3174 ita
790 3109 942 3176 omnium
964 3130 1075 3173 rerum
1097 3105 1169 3170 vifi-

60 3193 188 3260 bilium
222 3193 500 3264 et·invisrbiliunr
529 3193 704 3278 multiplex
732 3195 948 3263 numerosrtaa
970 3215 1009 3256 ex
1030 3189 1170 3278 primor-

60 3277 206 3343 dialium
244 3278 414 3342 causarum
447 3278 618 3342 fertilitate
648 3295 857 3364 procreatur,
894 3275 997 3362 inque
1026 3279 1195 3344 eandem,
1276 3287 1279 3292 ’

58 3360 164 3426 finito
186 3364 314 3424 mundo
338 3361 552 3447 regredietur.
599 3363 689 3426 Haec
713 3379 823 3426 autent
846 3359 988 3424 dicimus
1010 3381 1080 3427 non
1096 3359 1167 3422 snn·

59 3443 252 3532 plicitatem
277 3430 496 3528 illorum,'qui
518 3447 611 3510 hunc
631 3448 744 3508 locum
767 3444 900 3509 divinae
921 3441 1101 3526 scripturae
1123 3442 1168 3503 se·

58 3531 216 3595 cundum
242 3527 407 3592 historiam
429 3527 617 3613 accipiunt,
639 3531 875 3624 redarguentes
915 3531 951 3590 ui
966 3524 1169 3590 solutionem

5 3619 7 3626 ‘
56 3609 204 3676 humani
227 3612 375 3696 corporis
398 3612 432 3674 in
457 3627 600 3695 quatuor
622 3615 740 3674 mundi
761 3614 861 3690 h'ujua
884 3550 1047 3672 elementa
1063 3606 1166 3670 soliua

58 3713 171 3760 terrae
193 3695 332 3758 nomine
353 3694 551 3794 generaliter
572 3694 768 3779 significata,
792 3716 853 3779 per
862 3688 1167 3773 baecverbascrip·

57 3796 159 3844 turae
188 3777 364 3924 significan
394 3794 559 3844 conantur
586 3779 743 3851 asserere,
771 3797 842 3851 non
863 3773 1167 3842 animadvertentea
1258 3788 1260 3796 ·

58 3877 191 3962 quauta
235 3862 329 3927 ensni
360 3865 418 3928 suo
446 3859 605 3927 videntur
632 3859 806 3936 adversari.
850 3860 885 3926 si
906 3857 997 3924 enirn
1020 3860 1062 3924 de
1082 3856 1167 3920 solu·

56 3963 160 4012 none
194 3944 343 4030 corporia
374 3944 488 4010 divina
517 3966 583 4010 vox
616 3944 693 4008 talia
723 3943 882 4029 protulit,
917 3964 977 4007 cur
1008 3941 1081 4004 viro
1105 3938 1165 4002 toti

56 4027 257 4116 praedixit?
283 4051 343 4093 cnr
363 4048 433 4093 non
456 4028 555 4092 etiam
578 4044 612 4091 et
631 4026 782 4104 mulieri,
806 4026 862 4091 cui
884 4047 1005 4112 corpua
1019 4047 1088 4088 non
1105 4022 1164 4086 mi·

58 4133 130 4177 nur
161 4110 327 4176 solvitur?
362 4111 530 4197 Deinceps
557 4133 617 4176 cur
646 4125 755 4176 totum
776 4109 948 4176 bominem
970 4108 1166 4174 solvendum

59 4191 183 4262 divina
213 4193 450 4262 animadverso
471 4191 611 4274 indicit,
645 4215 724 4262 cum
744 4197 910 4262 extrem'ae
930 4195 1001 4274 eiua
1022 4205 1165 4256 tantum·
