2854 4978
115 213 118 219 ’
241 251 321 330 sss
434 343 442 361 .
581 239 1031 376 erasmum.

245 455 373 515 mans,
400 419 468 502 boo
489 435 550 514 sb,
581 431 723 502 initium
742 435 781 504 su
799 431 886 506 lucis
905 431 1107 506 conditione
1126 431 1349 526 praecesserat.

244 526 340 590 Haec
358 518 506 586 breviter
527 521 566 583 ab
589 518 885 668 aliiseooepimus.
944 609 945 616 ἵ
1201 597 1239 617 ..

244 602 1354 789 solstitiis&ttttttttlst⁰ttltssl¹tssltdzltlisst
1420 639 1421 688 ⁷

242 791 780 946 tlttztttl¹⁰at²5¹s¹lttt¹t
794 767 1354 948 ssi‘tustttltgtislatt

239 937 452 1024 intelligere,
487 937 630 1004 dicimus
652 937 823 1004 creatione
843 936 931 1003 lucis
951 935 1193 1024 processionem
1213 935 1355 1022 primor·
1421 946 1422 994 z

190 1045 194 1052 ·
242 1020 386 1090 dlalium
409 1020 580 1087 causarum
603 1021 639 1088 in
662 1023 740 1088 suos
760 1021 899 1088 effectus
919 1019 1116 1108 significarir
1138 1043 1218 1086 nam
1232 1020 1256 1084 fi
1270 1017 1356 1106 ipsas

242 1103 475 1194 primordiales
505 1106 618 1171 causas
644 1121 783 1194 propter
803 1103 1238 1191 incomprehensibilitatem
1259 1117 1357 1166 natu·

242 1190 457 1338 {bestat
473 1184 1356 1360 {tilalsttlamittis?²32³„tl‘lllltlt
1422 1252 1423 1308 ³

243 1357 339 1422 litate
360 1334 549 1442 superfusas
571 1321 734 1444 scriptura
753 1297 931 1445 p'eiblbet,
966 1377 1042 1421 cum
1066 1355 1192 1420 dicitur
1212 1368 1247 1417 st
1269 1366 1357 1416 tene-

242 1439 324 1506 bras
344 1435 557 1586 eranplfitper
576 1437 746 1543 Abyffitm.
797 1441 858 1504 uid
878 1439 1022 1516 mirum,
1055 1439 1079 1502 fi
1102 1435 1284 1504 declaratio
1307 1457 1358 1500 ea·

242 1545 320 1588 rum
343 1523 422 1588 ino
450 1525 580 1591 eetibus
600 1528 668 1593 [urs
688 1547 750 1612 per
775 1464 905 1589 immas
937 1540 972 1588 et
991 1521 1117 1610 species
1138 1519 1226 1586 lucis
1247 1517 1359 1585 nomi·
1423 1558 1424 1564 κ

241 1628 289 1672 ue
307 1607 557 1693 praedicaretur
575 1631 636 1696 per
657 1611 742 1686 hoc,
769 1624 804 1673 et
826 1607 912 1673 dixit
932 1611 1025 1672 Deus
1038 1606 1111 1698 fiat
1128 1607 1210 1683 lux,
1232 1599 1358 1692 etfac-
1384 1638 1387 1646 ·

242 1705 284 1754 ta
304 1690 352 1779 est
371 1692 450 1756 tae:
468 1691 576 1758 veluti
599 1693 674 1782 quis
695 1689 823 1758 diceret
842 1690 1076 1778 primordiales
1098 1690 1230 1762 causas,
1261 1685 1299 1750 in
1326 1686 1358 1751 se

242 1773 331 1861 ipsas
361 1772 618 1860 inconspicuas,
651 1796 858 1862 omnemque
881 1775 1094 1840 intellectum
1109 1774 1357 1846 obumbrantes

240 1856 332 1940 juffit
352 1860 446 1922 Deus
462 1857 502 1922 in
526 1859 649 1924 formas
670 1860 876 1946 perspicuas,
899 1857 1092 1956 speciesque
1111 1853 1356 1942 intelligibiles,

241 1940 478 2030 sensibilesque
490 1940 690 2020 visibilium,
715 1959 749 2007 et
763 1939 982 2008 invisibilium
996 1939 1152 2029 prodiret
1174 1936 1359 2004 nonenim
1424 1981 1425 2020 p

242 2024 333 2094 solus
363 2027 474 2102 Deus,
506 2025 731 2112 verumetiam
764 2025 918 2092 omnium
937 2021 1244 2124 rerumprincipia
1265 2036 1359 2085 tene·
1424 2035 1425 2040 ’

240 2107 378 2174 brantm
404 2109 590 2186 vocabulo,
625 2111 704 2175 teste
727 2113 760 2176 S.
782 2106 946 2199 Dionysos
970 2110 1111 2182 saletto
1136 2103 1280 2194 eloquiis
1302 2126 1322 2167 a
1349 2137 1358 2154 ·

239 2189 360 2278 pellaei
386 2207 525 2279 propter
545 2192 918 2293 incomprehensibilem
938 2192 1163 2258 infinitatem:
1191 2209 1279 2286 proq
1334 2207 1358 2286 .⁰

237 2293 322 2340 vero
345 2277 417 2354 ejus
439 2297 500 2361 per
543 2276 629 2342 rinei
655 2300 688 2341 ta
708 2276 746 2341 in
770 2275 1121 2352 creaturassvifibiles,
1151 2289 1186 2338 et
1206 2272 1357 2337 invrfibt·

240 2355 290 2420 les
312 2357 385 2422 suas
407 2357 484 2425 dico
539 2302 748 2447 beopdanias
770 2359 930 2426 claritatis
952 2360 1095 2427 nomine
1114 2355 1241 2423 meruit
1257 2352 1356 2448 figni:
1425 2367 1426 2390 l

239 2438 350 2504 ficaria
380 2440 417 2506 in
438 2441 515 2528 ipsts
537 2441 629 2509 enim
655 2445 801 2531 quodam
822 2447 926 2514 modo
947 2444 1075 2532 patitur
1093 2436 1262 2526 intelligi,
1294 2455 1355 2523 qut

241 2543 379 2588 omnem
404 2524 538 2610 superat
563 2528 795 2602 intellectum
818 2528 890 2620 fiat
912 2549 947 2590 er
971 2549 990 2593 ο
1013 2531 1093 2592 Lux
1112 2522 1227 2610 inquit
1248 2525 1353 2593 Deus,

238 2607 307 2672 boc
328 2606 391 2682 ett.
413 2611 600 2693 procedant
620 2609 852 2695 primordiales
874 2551 991 2677 cauria
1013 2633 1053 2674 ex
1071 2603 1354 2704 incomprehensa·

240 2688 370 2756 bilibus
395 2706 535 2756 naturae
564 2692 642 2757 suae
670 2693 804 2758 secretis
825 2693 863 2758 in
884 2695 1009 2760 formas
1041 2709 1075 2758 et
1105 2690 1232 2778 spectes
1266 2709 1355 2753 com·

237 2773 489 2922 ffihenfibssoe’
500 2774 799 2864 intellectibusque
820 2776 1128 2864 contemplantium
1148 2776 1192 2850 se,
1214 2769 1356 2838 manife-

301 2903 309 2922 .
351 2851 520 2949 Etfoeta
540 2859 588 2952 sss
608 2861 686 2934 tux,
708 2865 783 2926 Deo
804 2859 969 2936 videlicet
989 2862 1144 2934 volente,
1167 2871 1203 2921 et
1217 2856 1354 2922 dicente

183 2997 188 3014 ,
237 2940 424 3006 obscuritas
445 2941 716 3028 primordialium
737 2945 911 3010 causarum
930 2945 967 3020 in
996 2945 1119 3008 formas
1152 2961 1191 3006 ac
1227 2937 1354 3086 speeies

235 3021 393 3110 processit
413 3041 538 3111 aperta.
579 3031 628 3092 Et
648 3025 767 3115 diutfit
788 3032 895 3096 Deus
910 3051 931 3091 a
950 3029 1112 3102 tenebris,
1135 3028 1239 3089 hoce
1273 3069 1284 3098 ‚
1309 3021 1353 3083 se·

97 3179 100 3184 ¹
236 3106 390 3193 gregavit
417 3107 576 3172 notitiam
606 3111 789 3176 effectuum
817 3116 857 3178 ab
881 3112 1085 3177 obscuritate
1108 3110 1242 3173 suarum
1259 3101 1355 3202 prin·

237 3187 400 3273 cipalium
418 3191 601 3255 causarum.
623 3193 752 3259 Divisio
765 3195 892 3281 quippe
902 3191 1172 3260 lucisatenebris
1181 3187 1225 3252 est
1232 3191 1354 3252 dtscre·

201 3315 205 3322 -
238 3269 289 3335 tio
303 3292 417 3367 rerum
431 3293 492 3358 per
500 3273 623 3339 formas
635 3291 667 3340 et
678 3275 805 3361 species
816 3277 1078 3362 apparentium-a
1084 3270 1265 3373 principiis
1274 3269 1351 3343 suis,

232 3351 789 3506 ·llnt¹²¹lt¹tttt¹²13¹ttlt?5²”²
815 3361 1028 3508 ¹¹³²⁰¹¹⁰⁶i¹¹i¹¹
1037 3407 1047 3435 ’
1081 3361 1243 3506 millii
1258 3375 1352 3500 ⁹¹53:

218 3513 310 3602 (cuit
330 3483 425 3619 lleo,
464 3521 644 3610 originales
665 3467 777 3590 cassas
792 3465 879 3591 illiso
893 3439 1353 3618 ‘isninerimliearuram'ulua

236 3623 374 3670 omnem
399 3606 614 3672 antellectum
635 3609 808 3685 conditas,
839 3609 1069 3677 intellectibus
1091 3609 1158 3674 stve
1179 3611 1349 3678 humanis,

234 3685 300 3752 five
311 3687 482 3776 ‘angelicis
503 3692 581 3758 luce
601 3695 747 3780 quadam
770 3693 1017 3783 intelligentiae
1039 3691 1225 3780 superfusas
1245 3685 1349 3753 mani·
1383 3687 1394 3712 '

235 3767 359 3846 testari,
381 3773 629 3862 appellauitque
648 3777 751 3841 lucem
772 3779 877 3850 diem,
900 3793 934 3843 et
952 3779 1107 3858 ,tenebras
1123 3789 1261 3856 noctem,
1285 3774 1349 3836 hoc

236 3850 299 3946 esi..
312 3859 631 3946 ⁸contemplantibus
652 3860 772 3926 animis
795 3861 957 3947 praestitit
976 3859 1281 3928 manifestationem
1303 3850 1350 3916 vi·

234 3933 399 4010 fibllmm·
423 3955 470 4002 *st
503 3941 724 4009 invisibilium
755 3966 816 4030 per
836 3945 960 4010 fonuas
983 3961 1017 4010 et
1037 3943 1164 4032 species
1186 3941 1275 4007 diem
1297 3957 1350 4023 ap·

233 4015 379 4114 pellere,
400 4037 517 4084 eorum
538 4047 621 4090 vero
645 4025 682 4092 i'n
698 4027 878 4112 principiis
893 4027 961 4094 suis
975 4019 1346 4114 incomprehensibilem

102 4141 107 4154 ·
235 4101 472 4178 altitudinem,
495 4103 658 4194 omnique
679 4107 820 4173 condito
842 4107 1034 4178 intellectui
1054 4110 1135 4175 inco
1183 4104 1267 4171 itam
1286 4122 1346 4168 vo·

236 4201 315 4251 ears
333 4200 490 4267 noctemt
513 4181 705 4279 factumque
725 4189 775 4284 est
797 4185 960 4287 Vespero,
980 4209 1125 4262 samm
1186 4193 1350 4259 tunna.-
