2922 4978
198 313 202 322 ,
306 227 389 306 44⁰
643 225 899 300 armanore
918 221 1092 298 Naltuue.

306 410 446 480 aliunde
465 412 634 478 humanae
653 424 793 477 naturae
813 408 1058 488 irrationabiles
1077 423 1190 476 motat
1214 411 1248 475 io
1271 431 1390 480 urene-

266 535 267 541 κ
306 512 408 573 runt,
441 491 504 560 nifi
526 518 567 562 ex
585 493 762 562 bestiarum
784 493 986 560 substantiali
1008 493 1159 582 impetur
1196 431 1306 581 quiiur
1323 517 1391 583 pec·

306 582 418 646 cando
437 578 552 646 fimilia
573 579 661 645 lacta
682 579 736 646 eli.
770 581 873 665 Quod
888 577 989 644 etiam
1004 576 1095 644 idem
1111 577 1283 664 Gregorius
1295 579 1391 662 Nyffr·

306 683 373 730 uua
400 662 535 727 testatur
561 661 599 728 in
629 661 780 749 capitulo
802 660 934 729 decimo
956 676 1078 727 octavo
1101 663 1151 727 de.
1165 660 1319 748 imagine,
1348 661 1391 727 di·

305 765 399 812 cena.
441 743 617 823 „Arbitror
652 767 693 810 ex
712 749 780 811 hoc
802 743 991 845 principio,
1019 743 1235 810 limilitudine
1253 743 1393 809 videlicet

171 827 175 844 '
305 827 589 895 irrationabilium
611 828 856 904 animantium,
879 846 981 894 ettam
997 827 1139 916 fingulaa
1156 826 1325 914 paffionea,
1346 849 1395 892 re·

304 911 372 976 luti
393 935 433 978 ex
453 913 551 978 lonte
574 915 720 999 quodam
740 913 777 978 in
794 911 1021 978 inundatione
1037 912 1073 976 in
1089 915 1235 976 humana
1250 911 1313 975 vita
1326 931 1395 974 con·

307 995 404 1060 ditaa.
456 993 555 1061 liano
586 1011 699 1061 autem
730 995 896 1063 rationem
926 993 996 1082 ipsa
1024 993 1211 1094 paffionum
1244 993 1395 1080 cognatio,

305 1079 490 1176 aequaliter
511 1095 545 1144 et
565 1077 602 1144 iu
620 1078 738 1156 nobie,
761 1095 797 1146 et
810 1078 1098 1146 irrationabilibua
1117 1076 1305 1142 manifestat.
1326 1078 1396 1140 Non

307 1181 400 1226 enum
428 1161 549 1243 julium
582 1162 626 1226 eil
651 1166 820 1228 humanae
847 1178 987 1228 naturae
1018 1163 1061 1227 ad
1091 1160 1240 1227 divinam
1270 1158 1399 1246 speciem

305 1243 487 1321 formatae,
517 1241 675 1334 paffibilia
704 1243 843 1311 affectus
872 1246 995 1310 referre
1015 1243 1196 1333 principia.
1237 1245 1317 1308 Nam
1336 1261 1399 1305 non

194 1400 199 1411 ,
247 1339 256 1354 ·
304 1328 493 1394 iocundum
524 1330 673 1396 furorem
695 1329 830 1416 ellipse
850 1327 998 1395 hominia
1021 1325 1398 1394 adDeumfimilitudot

304 1433 419 1512 neque
447 1433 489 1476 ex
515 1414 691 1499 voluptate
718 1409 1074 1512 iplasnpereminena
1103 1426 1222 1475 natura
1244 1410 1400 1473 formatur.

304 1492 1403 1666 littitttttttttrilibris?sitititllttlltllt

181 1691 189 1706 ·
306 1683 349 1762 ge
365 1661 538 1760 adiviuae
554 1661 821 1750 pulchritudinia
840 1666 1029 1728 charactere
1046 1662 1134 1725 lunt.
1158 1658 1402 1743 Haecitaqueax

305 1745 531 1812 rrrattonabili
540 1759 634 1833 parte
646 1748 922 1810 humananatura
932 1744 1125 1831 adleiplurn
1133 1741 1277 1808 attraxit
1298 1739 1403 1826 lnqui-

304 1828 370 1894 bua
385 1827 477 1894 enim
490 1827 728 1902 irrationabilia
743 1828 814 1892 vita
831 1831 874 1894 ad
885 1826 1174 1894 conservationem
1185 1827 1276 1890 luam
1285 1822 1401 1888 muniti

306 1909 362 1989 cll,
380 1913 464 1976 haec
475 1913 707 1976 adhumanatn
718 1909 823 1976 vitam
835 1913 1003 1986 translata,
1020 1907 1402 1997 paffioneafactaeluut.¹'

304 1997 345 2059 ln
362 1995 424 2058 hoa
441 1993 556 2081 itaque
570 1992 816 2059 irrationabilea
828 2010 942 2061 motut
980 1992 1015 2058 ui
1034 1991 1160 2059 bestiali
1179 1983 1270 2057 vitai
1288 2007 1404 2055 natura·

304 2076 401 2150 liter,
422 2079 591 2142 humanae
610 2097 691 2142 vcro
706 2075 902 2164 pallibiliter
920 2078 956 2142 in
974 2091 1053 2150 unt,
1074 2075 1250 2142 bominem
1268 2071 1403 2142 cccidille

304 2160 420 2224 nullut
449 2158 653 2245 sapientium
681 2159 842 2248 ambigite
879 2176 913 2225 et
935 2181 976 2224 cx
995 2159 1048 2225 bia
1068 2160 1194 2225 iterum
1219 2159 1257 2224 in
1277 2171 1406 2224 mortem

305 2240 474 2327 corporia,
509 2258 544 2307 et
577 2241 780 2308 solutionem
802 2243 939 2310 corruit.
982 2245 1101 2330 Neque
1123 2243 1218 2309 enim
1240 2243 1313 2328 plur
1332 2239 1405 2304 iulo

304 2324 376 2390 riue
410 2325 527 2390 vivere
560 2327 685 2412 potuit.
708 2324 906 2414 ·Siquidem
926 2325 963 2393 in
985 2343 1105 2392 natura
1125 2349 1241 2392 rerum
1262 2323 1344 2390 nihil
1362 2321 1405 2386 in·

214 2408 216 2416 ’
305 2405 410 2472 fcriua
442 2408 486 2472 ell
510 2407 581 2473 vita
604 2409 736 2475 ratione
758 2427 792 2474 et
811 2412 909 2475 ienlu
929 2426 1087 2476 carente:
1123 2409 1284 2474 infimum
1307 2422 1406 2472 auteur

273 2537 275 2545 Α
305 2490 461 2557 omnium
490 2513 613 2580 corpur
642 2493 880 2580 corruptibile,
913 2516 1018 2580 quum
1054 2495 1096 2558 acl
1127 2493 1277 2558 nihilum
1309 2488 1405 2554 redire

303 2575 398 2640 nulla
419 2589 538 2640 natura
560 2575 699 2654 linitur,
723 2592 757 2642 et
777 2577 838 2641 ubi
857 2577 977 2641 ruinae
998 2578 1076 2641 [uae
1096 2576 1203 2642 finem
1224 2574 1346 2664 poluit,
1365 2572 1406 2634 io·

306 2658 349 2722 de
378 2656 502 2722 iterum
531 2659 641 2724 redire
666 2659 853 2726 inchoavit.
895 2660 990 2725 Finia
1022 2676 1134 2725 autern
1154 2661 1276 2724 ruinae
1297 2655 1405 2721 solutio

304 2739 531 2826 corporia‘est.
561 2745 611 2806 Ex
633 2743 802 2812 solutione
823 2742 937 2830 itaque
958 2741 1107 2831 corporia
1129 2742 1262 2808 reditur
1281 2757 1406 2805 naturae

179 2825 187 2843 ⁴
303 2823 556 2908 proficiaciturt
585 2843 625 2890 ao
643 2847 704 2913 per
724 2830 791 2892 hoc
810 2828 887 2913 pluo
909 2827 1066 2892 utilitatia
1087 2828 1259 2891 humanae
1281 2838 1406 2888 naturae

304 2906 454 2972 contulit
479 2927 570 2974 mora
598 2907 727 2987 cantia,
764 2931 865 2998 quam
884 2909 1074 2976 vindictaet
1112 2907 1289 2997 (quamvis
1334 2923 1406 2971 oeut

244 3030 250 3044 ι
301 2989 438 3075 pcccati
464 2989 561 3055 inille
591 2989 758 3072 aestimata
777 2993 857 3071 fitz)
884 2992 927 3057 in
950 3008 1082 3059 tantum
1102 3009 1142 3057 ut
1164 2991 1277 3058 carnia
1298 2931 1406 3054 titurio

273 3121 276 3128 .
303 3093 391 3159 quac
418 3071 537 3137 mortio
565 3072 706 3140 nominc
739 3076 823 3140 solet
849 3076 1026 3164 appellati,
1058 3073 1298 3140 rationabilior
1330 3087 1405 3136 mon

301 3153 423 3220 mortio
445 3153 597 3232 dicatur,
620 3179 721 3243 qnam
740 3179 830 3224 mora
851 3159 972 3225 carnia.
1005 3157 1154 3223 sienim
1177 3162 1329 3223 humana
1347 3154 1406 3218 vita

304 3236 344 3302 in
376 3239 442 3302 hac
465 3239 678 3326 corruptibili
708 3261 807 3306 carne
834 3257 927 3306 recta
948 3264 967 3307 a
988 3239 1196 3328 sapientibua
1219 3262 1311 3306 mora
1331 3234 1406 3302 voci·

303 3333 415 3396 tatur,
433 3322 658 3468 portatione
679 3324 757 3389 linia
778 3323 878 3411 ipfiua
898 3323 989 3389 vitae
1009 3325 1127 3390 mortio
1149 3325 1322 3390 vocabulo
1344 3343 1406 3387 ceu·

302 3401 411 3470 leturt
458 3426 515 3468 um
562 3407 615 3470 lua
636 3409 677 3472 dc
697 3423 807 3472 morte
827 3407 957 3484 liberat,
981 3429 1082 3494 quarn
1106 3423 1256 3474 mortem
1275 3405 1405 3472 rborien·

302 3484 395 3549 tibua
425 3429 560 3552 inserti
587 3489 679 3556 Hinc
707 3493 832 3554 Beatua
868 3481 1035 3556 Maximus
1056 3491 1093 3555 in
1114 3491 1279 3558 vicefimo
1301 3504 1405 3556 octauo

301 3567 454 3668 capitulo
474 3571 519 3636 de
538 3571 733 3660 Ambigui03
771 3573 918 3652 „finem,
932 3573 1078 3661 inquit,
1109 3575 1299 3662 praesentia
1320 3575 1404 3650 huju

292 3654 653 3732 ·r1tae1njustum'ell,
675 3671 722 3743 ut
736 3655 900 3734 arbitror,
921 3673 1065 3723 mortem
1086 3658 1289 3735 nominare,
1322 3656 1404 3721 retr

300 3749 411 3800 morte
432 3736 689 3814 alienationem,
720 3755 755 3804 et
778 3761 795 3804 a
817 3740 1035 3829 corruptione
1056 3741 1346 3828 segregationu,
1379 3749 1405 3796 et

300 3839 322 3883 a
349 3816 528 3886 ferrirtuta
552 3821 760 3900 libertatem,
796 3839 831 3886 et
861 3846 879 3888 a
926 3825 1155 3890 erturbatione
1178 3825 1349 3910 quietem,
1378 3829 1404 3880 et

300 3901 468 3966 bellorum
496 3903 691 3982 interitum,
725 3921 761 3971 ct
781 3926 800 3970 tt
820 3849 1018 3973 continuone
1040 3907 1244 3984 transitum,
1278 3923 1314 3974 et
1333 3927 1350 3968 a
1369 3916 1404 3964 tc·

181 4047 184 4056 ,
300 3982 417 4049 nobrio
445 3987 612 4065 raditum,
642 4003 677 4054 et
706 4007 725 4053 a
755 3989 927 4058 doloribna
947 3989 1117 4078 requiem,
1148 4005 1185 4056 et
1207 3995 1251 4056 ab
1274 3979 1402 4078 ignobili

300 4085 427 4166 ppmpa
449 4068 639 4148 filcntium,
663 4085 698 4138 ct
718 4073 759 4137 ab
779 4071 1002 4175 iptlabilitate·
1017 4072 1143 4150 otium,
1175 4091 1214 4144 et
1236 4069 1401 4172 turpitudi-

235 4231 244 4242 ‚
300 4169 355 4217 un
375 4151 550 4232 velamen,
572 4171 608 4223 et
628 4175 648 4224 a
667 4153 872 4245 paffionrbur
893 4157 1081 4247 refugium,
1103 4173 1139 4224 ct
1157 4173 1299 4246 pcccati
1315 4151 1399 4220 abott-
