2922 4978
451 183 750 268 caeam.
822 145 825 150 ’
1077 181 1156 258 aaa

58 347 267 445 felicitatem,
299 386 403 516 quarn
420 369 595 456 pcccamo
617 368 821 442 desumi,
843 368 977 436 arnone
998 383 1033 434 et
1053 369 1157 435 seien-

59 456 104 522 tia
124 469 287 551 purgata,
303 507 307 524 ,
325 451 557 538 apientiaeque
579 451 693 518 studiis
715 450 895 516 exercitata
911 455 1013 516 vellet
1033 469 1067 517 et
1110 453 1159 517 os·

59 543 106 609 set
126 541 245 602 redire.
277 533 344 603 Ubi
365 538 462 608 datur
482 535 723 621 intelligiplns
746 533 881 600 divinae
902 535 1071 600 misericor
1094 536 1158 613 iae,

80 644 157 688 nam
180 617 351 686 vindictae
372 617 409 682 in
431 619 621 704 expulsione
643 617 796 684 hominia
820 620 861 682 de
883 617 1034 703 paradiso
1055 617 1159 682 fuisse.

59 647 139 770 bon
174 701 265 768 enim
286 701 442 768 conditor
463 700 574 768 noluit
594 700 775 788 imaginem
799 702 888 766 snam
910 700 1050 766 omnino
1073 704 1162 783 dam·

57 811 155 862 nare,
178 783 421 853 volnitautern
441 790 714 861 centenorum,
753 782 1037 871 multitudineque
1059 784 1162 848 scien·

58 871 125 936 tiae
147 868 496 943 exercitarerfueons
516 867 597 932 item
620 868 800 955 sapientiae
820 867 928 954 rigare
945 883 980 932 et
993 866 1162 932 illumina·

56 977 112 1030 re,
143 953 346 1038 dignamque
378 951 509 1018 efficere
536 951 659 1020 iterum
686 950 952 1038 lignumaitae,
982 972 1000 1015 a
1025 971 1091 1036 quo
1112 969 1162 1013 rer

54 1052 151 1104 mota
173 1036 233 1110 est,
269 1034 380 1109 adire,
414 1057 521 1134 eoque
541 1036 608 1098 frui
631 1058 674 1100 ne
694 1034 866 1107 interiret.
896 1035 952 1099 sed
973 1033 1102 1098 viveret
1121 1030 1161 1096 iu

57 1137 249 1186 aeternum.
289 1120 355 1183 Sed
375 1117 399 1182 fi
421 1139 495 1216 quaa
518 1118 617 1187 altius
637 1118 721 1182 velit
741 1117 951 1203 conspicere,
989 1115 1163 1182 Cherubin

57 1203 226 1269 vocabulo
248 1198 357 1285 ipsum
378 1203 444 1266 Der
464 1204 605 1266 verbum
626 1201 802 1288 fignificari
823 1222 895 1266 non
912 1199 1100 1284 incongrue
1112 1198 1165 1264 in·

57 1285 201 1372 telliget.
228 1285 298 1348 Dei
312 1306 464 1370 ,namque
483 1288 651 1361 verbnm
663 1285 700 1348 in
725 1299 794 1370 quo
809 1284 887 1348 sunt
902 1281 1046 1348 thesauri
1060 1282 1164 1348 scien·

57 1370 130 1435 tiae
151 1365 399 1454 sapientiaeque
421 1367 629 1441 absconditi,
652 1368 780 1453 semper
790 1369 858 1433 fine
872 1368 940 1432 ulla
955 1363 1164 1434 intermissio·

54 1476 101 1518 ne
135 1454 302 1516 humanae
331 1468 470 1516 naturae
500 1450 674 1517 obtutibus
707 1451 832 1537 praesto
854 1450 915 1526 cst,
950 1472 1090 1537 eamque
1110 1451 1164 1514 ad·

56 1551 198 1609 monet,
232 1548 266 1598 et
291 1551 430 1621 purgat,
461 1549 495 1600 et
515 1532 699 1610 illuminat.
731 1537 840 1600 donoc
860 1537 903 1599 ad
947 1533 1167 1598 erfectionem

56 1621 155 1684 snam
175 1617 407 1682 intemeratam
427 1621 575 1683 reducat.
606 1621 650 1682 Et
669 1617 752 1706 quid
772 1617 894 1684 mirum
915 1557 944 1681 si
961 1615 1027 1682 Dei
1037 1612 1166 1703 sapien·
1251 1669 1256 1676 .

53 1702 104 1767 tia
130 1699 304 1768 Cherubin
327 1703 491 1769 vocabulo
514 1702 736 1790 significetur,
759 1723 836 1767 cum
859 1715 893 1764 et
913 1702 1059 1786 Angelus
1074 1721 1165 1786 mag-

53 1784 94 1849 ni
132 1781 262 1860 consilii
293 1798 327 1848 et
353 1783 474 1860 virtus,
490 1785 646 1852 dicatur?
677 1785 765 1858 Audi
796 1784 985 1870 Apostolum
1008 1785 1050 1848 de
1069 1785 1169 1849 Patre

53 1872 136 1932 Deo
164 1869 378 1952 loquentem:
413 1866 592 1957 inurfibilia
619 1872 703 1934 enim
730 1871 800 1957 ejas
825 1867 1168 1932 arereatione'rnunrli
1221 1895 1224 1906 ¹

53 1973 122 2038 per·
144 1973 187 2014 ea
206 1973 289 2035 quae
300 1941 495 2043 factasunt
505 1954 672 2020 intellecta
687 1949 949 2044 conspicientur:
968 1950 1168 2048 sempiterne

51 2039 291 2123 quoqueejtts
311 2033 418 2098 virtus
444 2034 591 2102 similiter
612 2052 646 2098 et
666 2037 825 2136 potestas,
850 2049 884 2098 et
900 2037 1102 2098 utbreviter
1121 2030 1169 2098 di-

51 2141 153 2198 cam,
176 2114 330 2192 omnium
351 2119 541 2184 coelestium
563 2119 771 2184 essentiarum
793 2116 1074 2203 appellationibus
1089 2135 1169 2214 qua·

55 2207 143 2268 dam
173 2199 329 2270 mutabili
357 2205 552 2286 metaphora
572 2201 608 2265 in
629 2201 754 2266 divinis
774 2199 946 2286 scripturis
967 2200 1069 2262 soleat
1090 2195 1171 2262 anti·

51 2285 158 2350 mari.
202 2284 417 2350 Flammenna
437 2302 572 2369 quoque
599 2283 753 2369 gladium·
770 2286 885 2350 cadem
906 2281 1038 2346 ratione
1058 2280 1169 2366 ipsum

47 2369 125 2434 Dei
163 2368 305 2437 verbum
337 2365 521 2454 significare
550 2385 621 2430 non
649 2364 931 2440 inconvenienter
963 2362 1188 2450 accipimuer.

51 2451 133 2516 urit
163 2469 315 2536 namque
343 2465 376 2512 et
405 2447 545 2522 dividit,
573 2447 643 2512 urit
663 2449 799 2535 quidem
821 2447 929 2513 nosba
949 2446 1090 2522 delicta;
1122 2443 1172 2536 est

47 2539 146 2600 errius
169 2534 265 2595 Deus
286 2534 373 2614 ignis
394 2526 594 2626 consumens,
617 2554 832 2620 purgansque
852 2529 1097 2600 irrationabiles
1110 2549 1172 2596 non

48 2621 145 2684 strae
166 2629 305 2679 naturae
327 2614 457 2690 sordes,
482 2636 620 2701 eamque
643 2615 767 2686 dividit
788 2637 827 2680 ac
850 2609 1025 2687 discernit,
1055 2615 1096 2676 ab
1118 2610 1174 2676 hie

74 2721 151 2766 uae
182 2697 213 2762 ei
243 2695 364 2762 merito
394 2697 690 2784 praevaricationis
716 2701 751 2765 su
779 2712 995 2778 ervenerant,
1032 2715 1174 2794 eamque
1274 2749 1276 2754 .

48 2725 282 2856 decolorant,
326 2795 358 2845 at
383 2803 426 2844 ue
458 2782 664 2856 deformant,
705 2721 959 2865 dislimilemque
989 2776 1173 2844 conditiori

49 2871 124 2934 suo
159 2865 322 2930 efficiunt.
395 2863 502 2928 ladius
524 2865 600 2939 isse,
632 2867 771 2932 verbum
793 2862 953 2928 videlicet
970 2862 1077 2937 Patris
1098 2861 1175 2928 uni·
1257 2935 1260 2942 Ι

47 2949 204 3040 genitam
234 2947 339 3012 Filius
360 2945 467 3012 virtus
489 2962 523 3013 et
544 2947 707 3034 sapientia
728 2969 798 3014 non
821 2946 990 3012 immerito
1015 2962 1050 3010 et
1069 2943 1175 3011 credi·

48 3055 119 3100 tur
153 3046 190 3108 ct
209 3029 411 3118 intelligitur
432 3031 614 3109 versatilis,
648 3031 727 3118 quia
748 3035 827 3098 dum
850 3031 893 3095 eil
913 3045 1033 3097 natare
1052 3028 1175 3096 immu-

47 3113 200 3190 tabilis,
234 3130 390 3180 movetur
418 3129 529 3187 umen
562 3115 727 3192 ineffabili
748 3117 804 3180 sua
825 3113 1003 3180 clementia
1027 3111 1176 3177 ermis·
1263 3111 1267 3122 '

45 3199 216 3270 ricordia
247 3221 281 3263 er
305 3219 323 3262 a
352 3199 492 3262 salutern
521 3201 686 3264 humanae
707 3214 854 3262 naturae.
898 3200 1038 3282 Semper
1061 3197 1110 3260 ita
1132 3215 1176 3258 ue

49 3283 148 3352 talia
173 3221 345 3348 Cherubin
367 3283 607 3367 flammeusque
628 3280 758 3368 gladius
779 3279 939 3345 versatilis
961 3295 1039 3346 ante
1061 3218 1177 3344 actius

43 3369 204 3436 animae
235 3363 383 3438 nostrae,
418 3361 558 3426 rationis
578 3363 721 3438 -dicoet
740 3363 951 3439 intellectus,
983 3364 1178 3434 collocatur.

47 3449 166 3540 Quid
189 3446 259 3518 itas
284 3449 330 3510 ad
352 3445 597 3538 custodiendam
618 3451 707 3510 viam
727 3447 811 3528 ligni
830 3451 941 3518 vitae,
962 3448 1029 3510 hoc
1051 3447 1112 3518 esi,
1134 3461 1179 3508 ne

43 3539 163 3602 viam
192 3529 217 3594 li
265 3528 397 3594 initae
418 3527 585 3608 oblivioni
607 3532 806 3604 tradamus‚;
826 3530 883 3594 sed
907 3530 1035 3614 semper
1054 3543 1180 3592 memo.
1231 3589 1242 3602 ,
1325 3556 1327 3564 ·

38 3621 153 3687 riam
177 3609 212 3699 ip
239 3635 276 3677 us
297 3611 391 3700 ligni¹
405 3612 566 3698 viaeque,
611 3635 653 3676 ua
675 3612 743 3675 itur
764 3616 805 3677 ad
827 3613 928 3686 illud,
961 3626 1039 3677 ante
1062 3607 1179 3680 oeulos

37 3697 182 3772 cordia
215 3692 315 3760 nostri
344 3695 571 3774 indesinenter
629 3697 798 3760 abeamus.
841 3699 886 3760 Et
906 3717 950 3760 ne
969 3689 1100 3758 mireris
1122 3709 1179 3756 uae

40 3777 283 3871 fingulariter
304 3780 477 3845 Cherubin
498 3779 691 3868 protulisse,
714 3800 792 3844 cum
813 3781 931 3844 beatus
952 3775 1180 3857 Hieronymus

41 3887 91 3938 et
132 3861 275 3952 pluralis
303 3861 437 3928 numeri
467 3879 506 3927 et
528 3860 707 3931 masculini
731 3863 861 3949 generis
883 3860 961 3932 talia
981 3859 1121 3927 nomina
1141 3855 1180 3920 in

39 3963 104 4022 im
139 3947 326 4012 desinentia
348 3949 438 4033 apud
459 3949 626 4012 Hebraeos
648 3945 893 4031 pronunciarit.
927 3945 1068 4009 Secutus
1089 3963 1180 4006 nam·

37 4054 138 4127 que
163 4025 235 4094 sum
255 4031 408 4102 sanctum
428 4029 625 4111 Dionysium
647 4029 880 4118 Areopagitam
902 4028 1109 4115 singulariter
1124 4025 1179 4086 Se·
1264 4025 1270 4036 '

34 4113 197 4207 raphin
218 4127 252 4178 et
273 4109 446 4181 Cherubin
468 4113 724 4196 nommautem,
744 4111 940 4202 praesertim
961 4131 1039 4186 curn
1060 4125 1094 4187 et
1114 4109 1180 4180 He·
