2854 4978
443 259 551 332 [Aba
575 260 729 344 Tatius·
1061 261 1143 340 809

46 449 191 517 stinctum
217 445 284 512 iem
310 463 347 512 et
373 439 439 512 effe
463 444 619 512 mansura
644 467 716 512 non
743 445 911 516 dubitant.
952 446 1017 516 Hir
1038 463 1141 537 atque

45 528 227 612 hujusmodi
260 530 292 595 fa
330 549 346 592 s
380 527 601 616 opinionibus
627 545 796 596 conantur
826 529 964 596 affuere
991 552 1033 598 es
1053 549 1141 620 quac

46 639 107 682 non
126 627 221 680 erant
241 629 276 678 et
295 611 544 677 inchoaverunt
564 612 644 690 effe,
668 629 704 679 et
723 613 812 679 facta
831 613 927 678 simul
949 629 984 679 et
1003 629 1141 700 aeterna

49 699 107 764 dici
129 697 240 786 poiie,
274 694 353 783 quis
375 696 505 782 [emper
521 693 560 760 in
582 698 702 762 eodem
722 697 807 762 statu
825 692 864 760 in
887 715 956 783 quo
976 711 1143 786 tempora»

46 781 112 848 iicet
129 795 238 848 creata
257 778 337 845 sunt
357 777 487 866 semper
506 783 710 856 manebunt,
737 795 871 868 ecquae
906 779 1053 868 rincipio
1066 803 1141 848 non

46 880 148 932 carent
175 864 246 930 fine
276 883 389 928 carere
416 859 637 928 arbitrantur:
671 863 720 928 ita
749 877 845 928 utet
884 879 956 929 acta
976 865 1042 930 fint
1061 863 1142 952 quia

45 949 98 1012 effe
116 947 381 1023 inchoaverunt,
403 961 438 1010 et
459 962 593 1012 aeterna
607 945 686 1046 quia
702 966 774 1012 non
791 946 942 1013 definent
954 948 1141 1024 subfistertt

1 1062 3 1070 ·
43 1047 249 1102 veruntamen
279 1051 391 1117 neque
419 1030 541 1094 talibue
565 1030 785 1116 opnionibur

41 1115 115 1180 ratio
143 1128 178 1180 te
206 1113 360 1178 affentire
390 1112 606 1190 aestimarim,
640 1136 753 1200 neque
783 1052 885 1178 taient
907 1113 1143 1180 aeternitatem

43 1201 90 1262 rei
109 1213 148 1261 ut
166 1196 280 1262 verius
303 1197 413 1264 dicam
434 1195 749 1262 semiaeternitatem
764 1196 946 1283 praedictis
959 1196 1027 1262 tuit
1040 1196 1142 1262 ratio·

43 1281 132 1346 uibus
150 1279 293 1356 suafiffe,
315 1301 427 1367 neque
447 1280 492 1344 fic
515 1294 550 1343 et
569 1280 657 1346 facta
671 1281 767 1346 fimul
783 1296 966 1347 etaeterna
982 1281 1141 1360 docuiffe,
1171 1305 1178 1324 ι

42 1365 91 1428 [cd
116 1363 229 1429 altiori
259 1379 456 1429 naturarum
476 1363 636 1430 contuitu
655 1365 743 1428 ultra
762 1367 927 1428 humanas
948 1363 1142 1451 opiniones,

41 1449 130 1512 modo
153 1447 304 1534 quodam
324 1451 435 1514 adhuc
454 1445 554 1512 nobis
576 1445 771 1535 incognito,
795 1446 992 1514 divinorum
1006 1468 1142 1512 arcano·

40 1552 105 1594 rum
126 1534 225 1614 adyta
247 1545 423 1617 penetrare
443 1545 478 1594 te
499 1529 625 1608 sentio,
647 1530 785 1618 vestigia
804 1547 959 1617 patrum,
981 1530 1041 1621 qui
1061 1529 1143 1606 talia

40 1611 161 1679 scrutati
181 1614 285 1689 sunt,
308 1613 408 1678 altius
429 1613 610 1700 sequendo.

95 1718 140 1768 ιο,
160 1699 211 1762 Μ.
236 1695 342 1762 Aiunt
365 1695 457 1762 enim
478 1711 633 1762 naturam
648 1695 749 1778 hujus
767 1696 888 1763 mundi
905 1699 1036 1785 semper
1049 1718 1144 1766 meu·-

41 1778 136 1846 iuram
158 1779 241 1868 quia
260 1779 461 1867 incorporea
482 1781 527 1844 est
548 1797 582 1846 ct
599 1779 886 1868 incorruptibilia,
910 1797 1040 1848 caetera
1059 1799 1143 1848 vero

42 1864 159 1950 quibus.
183 1864 314 1930 constat
339 1862 506 1952 peritura,
542 1866 610 1929 hoe
637 1865 695 1940 est,
731 1885 833 1932 omne
861 1869 953 1952 quod
973 1865 1011 1930 in
1033 1886 1074 1932 eo
1096 1864 1143 1930 est
1179 1927 1181 1934 .

41 1947 270 2036 compositum,
305 1963 340 2011 et
367 1945 447 2034 quia
468 1945 506 2010 in
529 1967 570 2012 eo
592 1949 726 2012 nullum
748 1969 787 2014 co
830 1968 870 2012 us
892 1947 936 2012 est
956 1951 1049 2036 quod
1068 1969 1167 2017 non,

41 2031 75 2094 fit
101 2031 341 2118 compofitum,
373 2047 408 2094 et
437 2049 539 2095 omne
569 2033 790 2118 compofitum
827 2032 961 2096 olvetur
980 2031 1018 2097 in
1041 2053 1080 2098 ea
1101 2051 1144 2098 cx
1231 2032 1235 2041 '

39 2112 148 2202 quibua
169 2113 407 2200 componitur,
431 2128 524 2178 totus
544 2113 650 2201 igitur
671 2118 820 2180 mundar
840 2113 899 2179 iste
916 2113 1055 2182 visibilis
1071 2135 1143 2181 cot·

61 2219 148 2262 orent
173 2198 380 2284 compositus
412 2196 559 2261 solvetur
579 2198 648 2263 sola
667 2195 810 2285 fimplici
830 2214 951 2264 natura
969 2214 1142 2264 manente·

38 2220 75 2345 f).
108 2281 206 2346 Falsas
229 2279 547 2350 ratiocinationibus
568 2283 793 2346 humanarum
815 2280 1020 2368 opinionum
1038 2282 1143 2370 longe

41 2385 57 2428 a
79 2365 216 2430 veritate
248 2362 440 2430 distantium
462 2367 634 2451 quondam
655 2387 711 2430 me
733 2368 912 2462 deceptum
934 2366 998 2430 effe
1018 2380 1143 2454 negare

39 2469 101 2514 non
126 2450 276 2536 polium,
305 2447 385 2536 quia
408 2451 569 2534 deceptus
591 2451 681 2524 sum;
713 2447 766 2513 his
791 2471 881 2512 enam
904 2449 1063 2516 omnibus
1084 2463 1144 2514 aut

37 2553 117 2678 pene
146 2532 307 2598 omnibus
333 2531 427 2596 rudis
457 2535 524 2610 jam
546 2533 707 2597 affenium
729 2531 869 2618 praebui
892 2535 1036 2630 quadarn
1056 2530 1144 2598 fimi·

52 2615 173 2682 'tudine
193 2615 268 2680 veti
289 2614 547 2701 carnalibusque
568 2616 734 2691 ienfibue,
756 2630 796 2678 ut
814 2616 931 2680 mulus
946 2615 1071 2692 evenit,
1094 2615 1143 2680 se·

41 2701 170 2778 ductura
196 2719 293 2764 nunc
312 2720 393 2765 vero
415 2698 583 2762 sacrorum
603 2697 895 2785 parrumrvestigia
916 2699 1069 2785 sequens,
1093 2697 1143 2762 di·

829 1051 889 1095 uas
909 1052 990 1097 vera
1011 1031 1143 1096 deridet
1236 1049 1240 1059 ·

38 2781 103 2850 vini
130 2784 272 2848 luminis
297 2781 394 2848 radio
426 2783 466 2846 ab
497 2781 664 2846 erroribus
689 2779 775 2846 meis
797 2795 832 2844 et
852 2780 997 2846 aliorum
1016 2803 1073 2846 me
1092 2801 1144 2846 re-
1220 2799 1221 2804 ’

38 2883 186 2945 vocante,
219 2867 326 2954 inque
350 2864 443 2929 viam
471 2879 599 2929 rectam
625 2867 788 2939 ducente,
819 2867 997 2960 paululum
1019 2865 1144 2950 pedem

39 2955 172 3018 retraho.
214 2950 344 3014 Divina
373 2946 536 3036 siquidem
564 2947 745 3014 clementia
764 2962 942 3014 veirtatem
961 2946 1019 3034 pie
1041 2959 1144 3033 atque

37 3026 201 3100 humiliter
223 3047 421 3121 quaerentes
442 3030 479 3095 in
505 3031 651 3096 tenebris
673 3030 886 3129 ignorantiae
906 3051 978 3097 non
1001 3029 1078 3094 finit
1094 3049 1143 3094 er·

37 3137 118 3194 rare,
147 3117 257 3204 inque
281 3118 401 3182 foveas
431 3115 585 3182 falsarum
611 3115 817 3202 opinionum
836 3116 956 3179 cadere
978 3129 1012 3178 et
1031 3113 1070 3178 in
1092 3110 1143 3178 eie

38 3201 146 3283 perire.
191 3203 293 3268 Nulla
322 3199 414 3264 enirn
443 3203 540 3286 pejor
570 3220 661 3265 mors
684 3199 728 3264 est
748 3219 849 3284 quam
869 3196 1021 3263 veritatis
1044 3196 1161 3284 ignor

37 3285 156 3361 rancia,
189 3287 283 3350 nulla
301 3303 428 3370 vorago
448 3283 652 3368 profundior
673 3304 774 3380 quam
793 3281 873 3347 falia
892 3302 954 3368 pro
975 3279 1064 3346 veris
1086 3302 1104 3344 a
1129 3317 1143 3331 ·

36 3369 186 3450 probare,
208 3371 300 3456 quod
320 3365 497 3465 proprium
519 3367 562 3432 eii
584 3389 703 3432 erroris
711 3387 723 3444 3
745 3385 787 3430 ex
806 3365 860 3432 his
882 3365 975 3431 enim
997 3363 1089 3450 turp'
1129 3399 1143 3416 ·
1220 3387 1222 3394 ¹

38 3469 85 3514 ma
117 3468 152 3518 et
184 3449 425 3518 abominabilia
452 3452 595 3514 monstra
623 3449 660 3514 in
687 3449 848 3514 humanis
874 3446 1143 3536 cogitationibus

37 3531 113 3681 finpi
130 3536 257 3611 solent,
280 3540 362 3684 quas
385 3536 466 3598 dum
488 3532 629 3598 carnalis
650 3533 764 3609 anima
783 3531 986 3598 velutivera
1002 3545 1037 3594 et
1051 3543 1141 3595 amat

39 3631 70 3679 et
98 3639 115 3682 e

116 3617 252 3707 quitur,
304 3618 416 3683 orium
435 3637 517 3683 veto
540 3632 741 3682 convertens
761 3614 904 3690 lumini,
938 3615 1143 3697 umbrasque

37 3695 165 3786 fugaces
193 3701 482 3800 comprehendere
502 3701 640 3775 volens,
669 3715 705 3764 et
723 3699 950 3773 nonvalene,
976 3693 1025 3759 'in
1048 3697 1142 3758 bars·

36 3783 142 3852 thum
166 3787 332 3854 miseriae
348 3783 527 3850 consuevit
552 3801 679 3853 rueres¹
703 3782 796 3848 Hinc
824 3779 949 3846 affidue
979 3779 1141 3844 debemus

37 3883 122 3932 orare
142 3891 183 3936 ac
206 3869 334 3946 dicere,
368 3873 461 3935 Deua
483 3868 591 3934 nostra
611 3866 698 3931 [alus
720 3882 822 3953 atque
840 3861 1049 3949 redemptio,
1079 3860 1141 3948 qui

38 3949 146 4044 dedisti
159 3969 324 4029 naturam,
346 3950 468 4040 largire
483 3967 517 4018 et
567 3948 687 4026 atiam3
709 3951 894 4038 praetende
908 3947 1025 4012 lumen
1043 3961 1141 4013 tuum
1190 3957 1193 3964 '

35 4051 71 4098 tn
95 4036 263 4104 umbrici
313 4035 464 4101 orantius
490 4060 534 4124 pa
548 4033 708 4123 pentibus
738 4029 1043 4120 quaerentibusque
1075 4031 1138 4103 Te,
1241 4111 1245 4119 Ι

35 4135 151 4188 revoca
169 4142 274 4198 noega
317 4119 504 4196 erroribus,
532 4118 668 4216 porrige
690 4119 974 4181 dexteramtuam
995 4109 1139 4210 infirmis

36 4219 103 4268 uon
130 4201 322 4272 valentibus
349 4203 418 4270 buc
438 4217 473 4268 te
496 4224 675 4292 pervenire
697 4205 740 4269 ad
761 4203 830 4278 Te,
861 4199 996 4266 ostende
1017 4199 1074 4264 Te
1089 4217 1138 4282 rp-

658 4319 696 4390 ta

416 4407 429 4438 1
