2922 4978
508 199 803 290 noenum
1122 199 1206 274 ror
1294 151 1297 158 ⁵

94 381 315 538 {filim
335 359 557 470 coitdderata,
590 387 670 454 maii
689 408 770 454 vero
791 381 966 488 icien‘tiam
985 387 1205 492 corporaliter

139 486 245 570 nmta
269 467 475 570 'Peffionurp
496 492 642 572 namque
662 471 702 538 fit
724 472 875 572 magistra
896 477 1112 620 cprporahter
1128 493 1203 539 earn

93 556 360 642 acmptenubut,
396 557 590 620 drvmorum
612 577 659 622 ere
681 556 889 622 oblivionem
910 579 944 620 m

92 655 147 704 ter
167 641 263 738 quod
281 635 457 703 interdixit
476 637 626 714 homini,
649 638 877 705 intermittens
892 639 1029 706 interim
1045 645 1115 722 ejua
1128 661 1202 728 per·
1224 642 1234 670 ¹

69 737 292 810 ’ceptionem
319 725 430 798 Deut,
464 739 503 787 ut
523 722 633 822 priua,
668 723 812 822 maxime
833 721 959 811 quippe
982 739 1052 789 erat
1070 723 1202 804 justum,

90 827 156 955 per
183 804 485 905 participationem·
500 821 631 892 ¹gratiae
652 827 821 893 proprram
842 828 1051 895 cognoscent
1072 806 1205 872 causam
1285 829 1299 866 ·.

117 905 274 977 eramque
305 911 366 976 per
402 905 542 976 granam
574 890 879 966 immortalitatem,
919 912 980 976 per
1008 887 1204 968 huiuamodi

89 971 180 1060 ligni
213 993 294 1060 perc
340 971 467 1037 tionem
500 977 541 1038 ad
570 973 616 1039 im
643 971 863 1039 affibilitatem
893 975 1144 1040 consummatae
1170 986 1205 1037 et

90 1055 318 1122 inconverfibt
333 1055 474 1132 itatem,
514 1057 598 1126 ficut
623 1077 689 1138 Jam
717 1061 808 1121 Deue
837 1055 1071 1133 Deificatione,
1092 1057 1203 1122 factu·

963 577 1076 637 erenpt
1103 576 1205 646 prop·
1276 633 1280 644 ¹

88 1137 236 1204 innocui
257 1159 335 1205 cum
356 1141 430 1204 Deo
452 1140 694 1206 communione
717 1139 783 1204 Dei
805 1139 1006 1229 dicceptaret
1023 1154 1201 1218 creaturae,
1304 1213 1306 1218 ¹

89 1237 264 1286 erearum
286 1221 451 1309 reciperet
468 1222 665 1301 scientiam,
689 1239 728 1289 ut
750 1228 842 1292 Deua
864 1239 899 1290 et
918 1245 990 1290 non
1004 1227 1109 1290 homo
1126 1243 1202 1288 ean·

91 1307 172 1370 dem
206 1307 333 1370 habena
366 1326 443 1370 cum
477 1311 550 1372 Deo
571 1331 631 1396 per
652 1306 792 1396 gratiam
814 1330 930 1373 eorum
952 1329 1038 1397 quae
1060 1309 1141 1392 lunt
1158 1306 1205 1370 ia·
1304 1319 1309 1339 ¹

89 1386 228 1534 pienter
247 1386 407 1454 notitiam
429 1390 613 1488 peripsam
635 1408 670 1456 et
696 1391 954 1457 Deificationem
975 1391 1081 1457 animi
1103 1405 1204 1477 atque

106 1471 206 1536 enine
236 1486 572 1539 transmutationemr
610 1476 653 1540 sac
675 1476 910 1561 accipiendum
934 1477 976 1540 de
995 1475 1091 1562 ligno
1110 1479 1205 1554 juxta

91 1554 252 1620 omnibns
274 1557 444 1620 valentem
466 1558 615 1643 coaptari
637 1581 822 1646 anagogen.
860 1563 995 1622 Intuere
1015 1579 1116 1644 quam
1129 1557 1202 1642 pul·

89 1657 166 1714 cre,
198 1658 299 1735 quam
335 1654 449 1742 aperte
471 1636 764 1787 quidt'rts‘lignum
784 1641 1054 1789 scleliiiieriiiir
1071 1638 1205 1787 affigi
1274 1647 1277 1654 '

87 1719 490 1954 &inliiriffiiiiimin
507 1722 1004 1902 iiiitoneibitit’sriiifiiritelleetn,
1022 1767 1204 1900 scientiori

131 1913 153 1953 n

155 1913 168 1954 ι
201 1905 236 1952 ct
259 1889 469 1976 spiritualem
494 1881 641 1976 fructum
664 1893 923 1975 intelligentibus
944 1905 1014 1956 ram
1034 1889 1205 1980 praestate

89 1971 270 2038 carnaliter
289 1995 371 2040 vero
395 1991 430 2039 et
449 1974 629 2056 libidinose
650 1970 907 2062 appetentibus,
932 1991 966 2039 et
980 1973 1205 2062 intemperate
1291 2054 1293 2062 Ι

89 2073 126 2122 et
162 2072 281 2122 contra
317 2060 410 2144 leget
449 2059 580 2125 divinat
618 2057 837 2123 abutentibua
864 2057 1071 2123 mortiferam
1099 2055 1205 2120 infert

87 2138 276 2238 scientiam.
318 2145 367 2206 Ac
387 2163 447 2242 per
467 2147 534 2209 hoc
554 2163 627 2242 non
649 2141 685 2206 in
707 2141 778 2228 ipia
800 2157 922 2240 natura
940 2138 1138 2217 cansamali
1159 2137 1207 2204 eii

87 2224 289 2300 constituta,
311 2225 370 2290 fed
390 2248 426 2290 nr
449 2230 663 2292 abutentium
683 2225 965 2313 intemperantia,
999 2227 1138 2288 ethaeo
1159 2221 1204 2286 est

8 2375 10 2398 r
87 2306 162 2395 ipra
185 2306 326 2384 mulier,
361 2311 416 2374 vel
446 2326 486 2374 ut
515 2311 563 2374 ita
586 2311 714 2384 dicam,
750 2309 882 2375 hocest
902 2309 988 2372 illud
1006 2309 1140 2395 lignum
1161 2309 1204 2370 ‘¹⁸
1302 2273 1353 2418 ἢ..

8 2403 9 2412 ’
90 2411 160 2478 quo
189 2391 358 2460 Dominae
388 2392 492 2459 dicit:
523 2397 591 2494 ραι·
604 2389 744 2458 -virie‘rit
771 2394 935 2458 mulierem
963 2392 1010 2454 ad
1037 2389 1204 2474 concupis·

7 2463 10 2566 ἶ
87 2475 226 2539 cendunt
256 2497 347 2553 eam,
367 2478 444 2567 jam
473 2481 659 2544 moechatus
695 2477 797 2567 estin
821 2478 919 2543 eorde
930 2470 1005 2566 suo.
1050 2471 1225 2538 Materit··

7 2571 10 2644 ζ
88 2559 177 2625 litun
208 2559 371 2646 fiquidem
398 2561 722 2708 superficiearerum
750 2565 830 2634 dum
853 2561 891 2625 fit
911 2557 1109 2624 naturaliter
1132 2556 1206 2656 pul·

7 2647 10 2668 ¹
88 2661 172 2716 cra,
202 2642 340 2708 incaute
374 2661 409 2710 et
450 2646 618 2713 ibidiuoie
651 2647 796 2709 [enfibut
827 2667 901 2709 earn
921 2643 1205 2708 considerantium

7 2777 9 2814 ς
87 2724 209 2791 mortia
237 2726 342 2792 infert
371 2730 589 2796 occasionem.
638 2729 806 2793 Vifibilem
839 2747 985 2812 namque
1019 2736 1206 2788 creaturam

92 2811 138 2875 ad
167 2811 234 2874 hoc
254 2815 347 2876 Dent
370 2813 543 2891 condidit,
575 2829 613 2878 ut
632 2835 692 2898 per
715 2835 785 2876 eam
809 2811 892 2876 ficut
911 2832 972 2896 per
993 2804 1205 2876 invisrbilem,

7 2911 11 2988 '‚
87 2895 163 2958 lana
186 2899 257 2976 ejue
280 2897 524 2976 cumularetur,
549 2912 583 2961 et
604 2911 864 2982 cognosceretur
885 2915 955 2958 non
972 2885 1124 2974 quidest,
1149 2885 1206 2948 sed

7 2989 9 3002 ¹
117 2975 175 3042 nia
207 2977 250 3042 est
270 2978 373 3044 unius
396 2979 501 3046 totiua
523 2995 694 3045 creaturae
714 2976 851 3042 vifibilis
873 2990 909 3039 et
928 2968 1104 3036 invisibilia
1126 2977 1229 3067 c'on·x

130 3078 205 3126 tort
235 3062 382 3148 ideoque
411 3062 590 3129 interdixit
619 3065 712 3126 Deua
735 3049 1208 3124 humanaenaturaevifibili

7 3215 10 3226 ,
52 3215 60 3224 ,
89 3159 244 3212 creatura
267 3145 442 3224 delectari,
465 3148 660 3235 priusquam
682 3143 815 3208 veniret
836 3145 877 3207 ad
898 3137 1142 3228 perfectionem
1161 3134 1208 3234 fa·

7 3247 10 3320 ζ
115 3229 265 3306 ientiae,
299 3229 336 3295 in
359 3252 425 3317 qua
444 3233 550 3318 pollet
571 3229 726 3296 deificata
748 3231 789 3292 de
811 3224 1000 3290 rationibus
1019 3241 1134 3321 rerum
1154 3239 1206 3318 vr·

7 3333 9 3406 j
88 3255 338 3380 initiamenta
359 3319 433 3380 Deo
456 3316 646 3401 disputare3
668 3331 733 3376 nec
754 3311 810 3375 illa
833 3309 974 3384 mulier,
997 3306 1139 3373 camalte
1156 3323 1207 3364 vr·

90 3397 219 3464 delicet
249 3399 383 3472 senine,
411 3400 453 3462 ad
477 3396 737 3466 delectationem
758 3393 938 3459 materialis
960 3406 1131 3456 creaturae
1149 3405 1207 3483 px-

7 3501 8 3564 ]
89 3481 258 3549 triniecua
286 3482 510 3546 confideratae
539 3483 669 3546 valeret
698 3500 775 3543 eum
807 3481 981 3542 attrahere.
1032 3468 1127 3537 Ordo
1147 3479 1208 3530 rta-

7 3643 8 3646 ,
90 3587 161 3656 qne
199 3565 335 3632 divinae
365 3564 448 3652 legio
482 3579 573 3638 erat,
609 3561 758 3650 primum
787 3576 969 3627 creatorem
1003 3569 1209 3642 cognotnere

114 3639 233 3737 'neque
254 3645 462 3716 ineffabilem
481 3644 771 3735 pulcritudinemr
806 3644 929 3710 deinde
952 3654 1138 3720 creaturam
1159 3649 1208 3697 ra·

90 3733 252 3802 tronabili
285 3732 381 3798 sensu
402 3731 527 3798 mentio
548 3730 691 3795 nutibus
714 3731 968 3816 obtemperante
991 3721 1209 3817 confidepare,

90 3835 269 3967 totampue
295 3817 397 3904 ipsaua
425 3810 715 3904 pulcritudinem,
744 3813 812 3877 five
847 3805 989 3874 interius
1011 3806 1048 3870 in
1070 3818 1208 3868 ratrom·

90 3907 179 4051 iiiii
207 3985 341 4051 referre.
384 3987 488 4051 Hunc
519 3996 635 4048 antem
668 3977 804 4045 divinae
823 3977 908 4065 legia
931 3973 1085 4041 ordinem
1105 3973 1209 4034 homo

92 4069 322 4156 superbiendo
352 4069 531 4158 [pemmo.
563 4078 722 4133 creatorra
745 4064 965 4130 [memorem
987 4069 1209 4142 etcognrno·

93 4173 177 4219 nem
195 4149 379 4220 materiai·
402 4167 573 4219 creaturae
596 4142 998 4250 exterioripulcritudini
1012 4132 1206 4232 postposuit,
1290 4139 1297 4154 “

223 3923 265 3966 ve
288 3901 434 3968 exterius
456 3899 493 3965 in
516 3895 634 3965 formio
655 3895 883 3969 icnfibilibua,
907 3893 949 3956 ad
969 3893 1105 3956 laudem
1122 3901 1211 3950 crea·

1214 4031 1227 4042 n
