2930 4982
475 236 582 308 uber
603 204 765 353 Qttiit‘tu
841 197 843 204 ,
1099 205 1180 310 1167
1290 173 1293 180 Ι

73 425 184 488 Deum
204 416 411 507 principium
433 419 631 518 causamque
653 419 809 498 omnium
831 441 916 508 quae
937 423 1015 488 sunt
1037 437 1071 489 et
1094 440 1180 509 quae

73 527 143 572 uon
173 503 267 578 suut,
301 502 474 568 materiem
491 505 628 570 ¹detitffe
656 508 792 570 mundo·
816 519 851 570 et
881 505 1021 571 formam
1043 509 1181 592 quando

74 586 201 663 voluit,
230 587 402 674 finemque
432 590 588 658 daturum
620 589 683 654 effe
705 591 840 674 quaudo
862 588 988 654 statuit:
1018 589 1077 676 qui
1098 587 1182 666 fecit

77 671 189 738 omnia
211 668 253 736 in
287 671 510 736 aeternalibus
537 669 639 736 caufia
659 671 854 758 priusquam
876 671 997 736 fierent
1017 689 1182 757 tempora·

74 743 391 830 libuamomentia:
423 753 552 841 qui·est
578 753 656 819 tinia
690 754 861 829 omniumr
896 754 974 840 quia
1004 753 1041 818 in
1069 753 1180 840 ipsum

75 852 285 904 revertentur
316 856 401 935 quae
429 839 468 904 ab
499 836 572 923 ipso
600 838 751 923 profecta
781 838 874 910 sunt,
905 853 939 900 et
958 837 1028 904 ini
1056 838 1089 927 so
1110 859 1181 902 mo-

76 937 215 992 venturt
238 925 404 998 Donato-ua
427 920 497 1008 ipse
520 922 561 985 de
583 920 728 984 transitu
747 919 868 986 mundi
890 923 942 997 (ut
988 862 1064 985 auio
1086 922 1181 1006 supe·

73 1004 144 1070 riue
162 1002 426 1084 introduximua)
448 1003 516 1070 ait:
541 1006 669 1072 Caelum
692 1019 725 1068 et
746 1019 836 1095 terrq
852 945 1058 1083 tramiiuqn
1078 1005 1182 1068 verba

73 1102 183 1154 autem
214 1111 288 1155 mea
318 1111 380 1154 non
410 1089 609 1154 transibunt.
652 1089 698 1154 Et
718 1087 838 1175 nequit
859 1087 1038 1156 transitum
1058 1085 1180 1154 mundi

75 1177 116 1238 de
144 1175 220 1238 loco
250 1173 288 1236 in
314 1172 447 1247 locum,
476 1174 531 1236 v‘el
562 1175 604 1237 de
633 1189 784 1258 tempore
812 1169 850 1234 in
881 1187 1029 1258 tempus,
1047 1173 1115 1248 ,vel
1138 1174 1181 1238 de
1237 1186 1240 1194 “

73 1254 327 1322 forma.vifibili
355 1255 395 1320 in
421 1257 562 1322 formam
590 1255 769 1330 viabilem,
799 1255 854 1318 vel
883 1257 925 1320 de
960 1251 1120 1352 qualitate
1141 1253 1178 1320 in

75 1338 290 1425 qualitatem,
312 1340 368 1403 rel
389 1341 430 1404 de
452 1337 640 1426 quantitate
654 1338 698 1403 in
720 1337 964 1426 quantitatem
986 1362 1022 1402 ιιι
1040 1337 1093 1402 bia
1106 1360 1178 1402 ver·
1200 1389 1205 1406 .
1271 1405 1275 1416 ,

73 1423 124 1488 bia
155 1437 254 1507 putet
285 1423 376 1508 poffe
407 1421 575 1510 intelligi:
608 1422 723 1488 audiat
752 1425 955 1509 Prophetam
987 1419 1180 1487 fabricatori

74 1505 193 1578 mundi
215 1505 401 1580 dicentemt
435 1511 549 1591 Opera
568 1531 717 1572 manuum
738 1520 867 1572 tuarum
879 1508 964 1595 juna
984 1507 1085 1582 caelia
1112 1501 1180 1603 inst

71 1589 239 1672 peribant,
278 1604 316 1652 tu
343 1603 454 1654 autem
474 1613 665 1674 ,pomonam
715 1591 775 1656 llle
804 1606 916 1656 autem
945 1603 1059 1676 aperte
1082 1588 1177 1664 dixit,

68 1673 246 1755 peribunt:
265 1689 305 1738 ut
326 1671 493 1760 intelligat
516 1674 599 1762 quid
621 1676 659 1740 fit
679 1675 877 1740 transibunt.
912 1671 948 1738 Si
970 1688 1082 1740 autern
1099 1673 1180 1738 coeli

70 1757 273 1831 ιταηιίὂιιηις
299 1756 382 1842 quid
414 1759 456 1822 de
487 1757 656 1844 hisquae
677 1757 765 1824 intra
786 1756 951 1822 ambitum
976 1761 1047 1837 ejua
1069 1755 1179 1822 conti-

71 1855 197 1906 nentur
220 1839 501 1906 existimandum?
524 1839 560 1906 Si
583 1840 675 1906 enim
698 1839 966 1906 excellentiffima
985 1860 1061 1926 part
1082 1857 1180 1904 mun·

72 1923 275 2009 diperitura
296 1923 351 1998 fit,
385 1923 542 2010 nunquid
563 1928 752 2011 putandum
773 1923 951 2004 inferiores
972 1923 1179 1988 remansuras

72 2007 159 2072 effe?
189 2009 232 2080 Et
259 2005 283 2070 11
313 2010 405 2092 quod
432 2008 588 2074 continet
616 2023 650 2072 et
678 2008 800 2084 ambit,
858 2005 988 2084 erierit3
1021 2005 1180 2092 nunquid

94 2093 163 2156 uod
185 2089 380 2156 continetur
403 2106 438 2154 et
459 2085 627 2166 ambitur,
649 2032 854 2156 salvationi
882 2088 959 2170 Non
983 2088 1074 2154 enim
1090 2088 1180 2154 neri-

71 2113 194 2250 imile3
229 2177 322 2260 quod
348 2173 490 2249 melius,
521 2176 631 2250 obire,
667 2192 701 2240 et
723 2177 815 2261 quod
839 2172 1007 2254 deterius,
1039 2171 1178 2238 salvarit

68 2259 262 2346 praesertim
295 2278 372 2321 cum
404 2259 573 2343 Propheta
601 2280 670 2323 non
701 2257 842 2332 dixerit,
885 2278 986 2342 opera
1015 2265 1201 2322 manuum⁴

68 2357 203 2406 tuarum
225 2343 302 2406 sunt
324 2341 478 2416 coelum
508 2341 519 2403 i
546 2341 617 2404 [um
666 2340 782 2405 eribitt
816 2339 873 2404 sed
894 2360 994 2426 opera
1015 2360 1179 2405 manuum

70 2439 202 2490 tuarum
231 2426 308 2514 [unt
336 2422 442 2500 coeli;
473 2423 484 2486 i
510 2365 543 2487 i)
562 2365 733 2508 pcriiiunt.
776 2421 841 2486 Ubi
874 2437 987 2508 aperte
1010 2425 1107 2488 datur
1127 2423 1177 2487 in·

69 2507 196 2594 ren-igi.
227 2509 319 2594 quod
350 2527 421 2572 non
455 2447 559 2571 [oium
582 2506 667 2570 illud
688 2504 877 2602 astrigerum
899 2505 1050 2579 coelum,
1086 2507 1179 2591 quod

69 2592 319 2656 univerfitatem
349 2587 508 2654 sensibilia
541 2605 711 2653 creaturae
742 2587 984 2652 circumscribit
1006 2603 1040 2649 et
1061 2587 1177 2663 ambit,

68 2697 188 2740 rerum
211 2673 311 2738 etiam
333 2673 466 2737 coelum
490 2675 699 2744 aethereum,
728 2671 764 2734 in
811 2691 856 2735 uo
879 2671 1003 2754 septem
1023 2671 1179 2756 planetae

68 2757 183 2821 cursus
214 2758 290 2820 suos
312 2771 494 2841 peragunt,
528 2771 562 2818 et
582 2763 715 2820 aereum
738 2693 870 2818 coiium
892 2755 985 2839 quod
1005 2752 1094 2816 inter
1116 2769 1178 2818 ter·

66 2861 139 2904 ram
169 2855 204 2904 et
229 2841 346 2904 lunam
375 2837 801 2934 coarctatur,·periturum
831 2835 880 2900 fit.
939 2838 1002 2899 Aer
1031 2857 1178 2922 namque

70 2925 291 3008 corpulentus
314 2939 486 3007 terraeque
506 2941 696 3008 proximus,
728 2913 908 3006 aliquando
929 2915 1069 2984 nomine
1092 2917 1179 2984 coeli
1198 2963 1215 2974 -,
1317 2939 1320 2949 ·

65 3021 225 3081 vocatur,
256 3021 296 3069 ut
328 3004 364 3068 in
396 3005 514 3068 Genefi
542 3007 678 3090 quando
709 3001 860 3067 volatilia
881 3004 940 3068 [ub
966 3003 1176 3068 firmamento

67 3087 175 3167 coeli,
207 3104 310 3164 terra,
339 3108 431 3152 mare
458 3087 877 3173 factasunt3a1iquando
900 3087 1039 3152 nomine
1059 3081 1176 3161 terrae,

65 3189 109 3236 ut
130 3171 165 3235 in
187 3173 334 3236 Psaimot
361 3173 518 3238 Laudato
538 3193 607 3236 eum
629 3172 672 3234 de
692 3186 782 3235 terra
803 3173 970 3236 dracones.
1016 3168 1051 3234 si
1072 3169 1178 3268 igitur
1213 3203 1217 3216 ·

66 3255 184 3320 omnia
213 3254 333 3320 mundi
360 3253 556 3330 intervalla,
587 3252 779 3320 tenuiffima
804 3277 846 3319 ue
867 3275 1006 3342 corpora
1028 3270 1177 3340 pentura

65 3340 166 3415 [unt3
203 3355 348 3425 putasne
376 3361 475 3424 aquae
506 3355 677 3425 terraeque
707 3278 899 3414 maniurat3
936 3341 1015 3404 dum
1044 3334 1178 3400 illarum

63 3437 187 3486 natura
218 3421 399 3509 paffibilior
426 3421 488 3498 fit,
513 3437 547 3486 et
576 3425 619 3488 ad
647 3422 900 3509 corruptionem
929 3420 1060 3485 facilior
1087 3422 1177 3563 plue·

62 3528 168 3650 quam
190 3501 284 3592 ignia
307 3522 341 3570 ot
365 3505 464 3578 aerim
485 3507 721 3591 Jobanneaque
738 3507 915 3590 theologus
932 3505 969 3568 in
981 3509 1094 3590 Apoca
1107 3501 1177 3586 ypii
1286 3511 1291 3518 '

79 3611 124 3650 ua
155 3587 292 3664 dixerit,
326 3591 368 3653 de
401 3588 691 3654 consummatione
712 3589 833 3655 mundi
852 3591 1078 3675 prophetant:
1106 3589 1178 3648 Pri·

62 3695 152 3735 ntum
174 3676 258 3736 enim
278 3673 418 3746 coelum,
439 3686 474 3735 et
491 3677 601 3754 primo
621 3685 712 3736 terro
732 3675 837 3747 abitt,
860 3685 894 3734 et
917 3693 1005 3735 mare
1031 3673 1091 3732 'am
1112 3689 1179 3731 uon

60 3755 124 3847 est.
171 3756 329 3820 Salomon
350 3756 452 3832 item,
476 3779 583 3834 omne,
606 3755 730 3931 inquit,
751 3759 838 3842 qnod
848 3747 938 3842 fuit,
961 3694 1067 3839 thim
1087 3751 1178 3836 quod

60 3843 152 3912 erit,
188 3853 221 3901 et
248 3863 312 3905 non
334 3839 383 3930 ast
401 3863 495 3904 omne
517 3863 625 3907 recens
661 3840 701 3937 ab
715 3835 799 3934 sole.
841 3845 890 3904 Ac
911 3839 934 3902 1ι
955 3853 1069 3925 aperte
1091 3835 1178 3902 dicc-
1282 3857 1285 3868 ’

59 3937 136 4006 ret;
168 3920 257 3986 solua
286 3925 400 3998 Deua,
434 3923 655 4008 omniumque
685 3945 724 3986 ιιι
747 3943 786 3988 eo
809 3921 957 3996 causae„
980 3936 1057 3984 ante
1080 3941 1179 3984 mun·

61 4007 148 4070 dum
176 4003 260 4081 fuit,
297 4022 331 4068 et
359 4005 430 4091 ipse
460 4007 532 4103 post
563 4007 747 4083 mundum,
787 4021 822 4069 et
852 4003 890 4069 in
914 4025 954 4068 eo
976 4018 1177 4068 cunctorum

59 4087 201 4163 causae,
232 4089 321 4154 solua
354 4089 436 4153 erite
468 4091 539 4176 ipse
559 4109 639 4156 vero
659 4091 808 4156 mundus
828 4088 888 4175 qui
908 4087 967 4150 sub
989 4088 1058 4152 sole
1078 4087 1122 4150 eft
1143 4099 1178 4150 et

60 4175 104 4240 ab
129 4169 274 4239 aeternio
296 4171 399 4240 causta
421 4189 534 4240 ortum
555 4173 706 4262 accepit,
729 4171 822 4240 etin
845 4173 977 4239 eaedem
1000 4170 1112 4247 causae
1128 4191 1177 4234 re·
