2948 4978
278 249 335 324 84
613 246 671 319 De
689 239 1064 320 mmor.

282 431 391 514 nerlt,
424 429 474 500 lta
500 446 542 500 ut
569 430 665 500 nullo
693 431 798 499 modo
825 431 866 498 ab
896 451 939 499 eo
966 429 1035 498 ulla
1061 430 1235 498 occasione
1261 430 1390 497 murari

282 517 400 609 possit,
430 517 489 584 sed
514 516 644 604 semper
664 515 778 582 auim'o
800 519 993 591 adhaereat,
1025 529 1067 580 ut
1084 537 1194 580 unum
1214 513 1253 580 id
1271 514 1392 602 ipsum·

254 649 258 666 ,
307 622 351 667 ue
381 599 413 666 ei
433 600 586 674 vitietur,
615 599 755 664 habitur
774 596 909 666 dicitur.
953 601 1001 665 dc
1019 621 1081 686 per
1100 603 1167 666 boc
1188 597 1301 664 omnia
1321 599 1393 686 pcrss

283 622 374 751 iectu
392 683 502 749 virtue
522 681 636 748 auimo
657 681 923 771 inseparabiliter
944 684 1144 759 adhaerens,
1166 703 1246 746 vere
1266 701 1305 746 ac
1321 703 1394 770 pro—

307 769 359 834 rie
387 765 522 832 habitur
553 766 757 853 appellaturr
788 763 932 853 proinde
952 765 989 830 iu
1011 767 1230 853 corporibua,
1261 764 1298 830 in
1322 763 1393 851 qui·

282 789 347 918 lua
375 850 427 915 nil
456 847 572 915 stabile
597 849 661 914 else
679 849 835 924 ridetur,
871 864 930 913 aut
949 848 1008 925 ,vix
1029 865 1088 914 aut
1107 869 1282 936 nunquam
1304 847 1394 913 habi-

284 949 340 1002 tua
367 932 504 1022 proprie
532 929 718 998 invenitur.
761 933 865 1018 Quod
887 929 979 997 euim
1000 931 1128 1020 semper
1147 953 1219 998 non
1241 934 1393 1006 babetur,

282 1017 437 1107 quamvis
462 1017 505 1083 ad
525 1031 658 1106 ternpus
679 1014 796 1082 baberi
816 1014 991 1092 rideatur,
1025 1017 1159 1081 abufire
1178 1013 1315 1080 habitur
1333 1033 1395 1079 no-

281 1101 441 1168 mioatur.
484 1103 528 1164 D.
550 1100 672 1164 Teude
693 1102 736 1165 ad
756 1115 902 1176 caetera,
934 1102 1002 1164 hoc
1022 1099 1114 1166 enim
1134 1097 1313 1174 verisimile
1332 1098 1396 1163 elsa

280 1187 397 1252 nullut
420 1186 507 1250 dene
532 1197 575 1248 at.

426 1269 475 1334 M.
503 1205 616 1332 fiotua
649 1261 816 1352 sequitur,
851 1261 911 1351 qui
943 1277 983 1327 ut
1007 1266 1116 1365 paulo
1137 1279 1217 1331 ante
1238 1261 1394 1340 diximua,

281 1351 320 1418 iu
345 1285 608 1418 {finitionibus
635 1369 748 1413 rerum
775 1369 861 1436 quae
884 1347 1018 1414 deliniri
1038 1350 1196 1497 possunt,
1227 1345 1397 1414 constitui·

281 1451 351 1502 tur.
394 1431 453 1500 Nil
477 1431 569 1518 enim
591 1429 684 1497 aliud
704 1433 748 1496 ett
769 1437 881 1496 Locuo
901 1431 965 1496 nisi
986 1452 1039 1497 am
1063 1432 1151 1506 itur,
1183 1453 1253 1520 quo
1273 1453 1395 1495 unum-

281 1521 442 1607 quodque
476 1513 577 1580 certit
605 1513 759 1582 terminia
791 1515 1019 1580 concluditur.
1076 1521 1245 1581 Locorum
1282 1529 1394 1580 autem

282 1603 410 1668 multae
437 1598 564 1686 species
585 1597 685 1674 sunt;
714 1613 767 1663 tot
787 1597 879 1663 enim
899 1601 974 1664 loca
995 1598 1091 1673 sunt,
1129 1613 1214 1686 quot
1233 1619 1286 1663 rea
1311 1618 1397 1683 quae

283 1680 512 1752 circumscribi
543 1682 700 1768 possunt,
737 1681 804 1746 save
820 1683 1038 1771 corporales,
1070 1682 1138 1747 five
1169 1681 1399 1768 incorporaleo

283 1769 363 1834 finu
395 1763 491 1830 verbi
517 1763 641 1851 gratia,
675 1785 799 1850 corpue
828 1766 872 1829 esi
899 1765 1097 1853 compositio
1126 1767 1290 1852 quaedam
1317 1785 1399 1911 qua·

282 1867 364 1916 tuor
396 1851 641 1914 elementorum
679 1869 758 1913 cum
795 1847 1033 1936 qualitatibua,
1069 1849 1130 1912 sub
1158 1869 1228 1913 una
1255 1867 1322 1936 qua
1345 1867 1400 1913 am

160 2007 165 2020 „
283 1934 301 2000 s
323 1931 396 1999 ecie
415 1929 632 2020 conglobata
654 1931 719 1996 bac
741 1931 832 1996 enim
849 1931 1070 2008 definitione,
1093 1930 1240 2019 generali
1255 1933 1400 2018 quadam

309 2015 389 2082 escri
417 2015 532 2090 tione,
563 2013 678 2082 omnia
708 2035 849 2102 corpora
882 2036 969 2102 quae
1001 2037 1042 2080 cx
1070 2014 1210 2080 materia
1231 2035 1272 2080 ac
1291 2015 1401 2080 torma

284 2039 483 2175 confilium,
514 2099 777 2164 concluduntur.
821 2102 926 2168 ltem,
957 2101 1105 2182 Spiritus
1132 2098 1177 2162 est
1202 2114 1322 2162 natura
1347 2096 1402 2161 in·

284 2203 464 2270 corporea,
502 2180 609 2247 sonna
641 2203 702 2270 per
736 2181 771 2247 se
804 2197 919 2329 atque¹
939 2181 1077 2247 materia
1108 2201 1234 2248 carena.
1278 2180 1403 2246 Omnia

284 2267 377 2332 enim
409 2268 575 2351 Spiritus,
617 2263 685 2332 five
714 2263 846 2330 rationu
871 2265 944 2340 ilia,
982 2267 1050 2330 sure
1077 2263 1315 2330 intellectualia
1345 2265 1399 2337 fit,

208 2389 224 2404 -
283 2371 346 2438 per
374 2348 408 2414 se
434 2349 447 2413 i
473 2349 543 2413 sum
577 2345 736 2412 informia
766 2348 820 2413 eli.
865 2347 900 2412 Si
930 2369 1012 2414 vero
1033 2349 1211 2414 conversae
1234 2345 1337 2412 fuerit
1357 2349 1405 2412 ad
1467 2405 1468 2422 ,

284 2433 416 2518 causum
453 2453 548 2509 uam,
578 2432 646 2496 boc
669 2430 735 2507 est,
759 2433 802 2496 ad
824 2431 987 2507 Verbum,
1010 2453 1071 2518 per
1092 2429 1299 2521 quemfacta
1321 2431 1404 2495 lunt

285 2515 420 2593 omnia,
457 2529 541 2580 tunc
573 2515 747 2578 formatur.
795 2515 850 2577 Est
877 2513 983 2602 igitur
1011 2536 1081 2579 una
1108 2515 1216 2580 forma
1244 2513 1403 2580 omnium

284 2601 302 2664 s
323 2598 463 2666 irituum
475 2643 485 2674 ,
507 2593 762 2662 rationabilium
785 2612 820 2660 et
839 2596 1131 2673 intellectualium,
1154 2597 1220 2662 Dei
1243 2597 1403 2664 Verbum.

180 2693 184 2701 '
308 2681 323 2746 i
352 2700 434 2748 vero
465 2677 705 2746 irrationabilia
732 2677 869 2766 spiritua
897 2682 956 2758 stt,
989 2681 1140 2748 similiter
1170 2667 1326 2746 informia
1354 2681 1404 2745 est

281 2763 409 2868 persei
435 2765 526 2840 sum,
556 2763 722 2830 formatur
742 2779 855 2848 tamep
875 2787 989 2830 rerum
1010 2755 1213 2830 sensibilium
1233 2765 1402 2852 phantast-

283 2869 325 2915 ιο.
365 2851 395 2912 Ε
449 2845 574 2914 iterum
601 2847 710 2911 forma
738 2846 893 2913 omnium
913 2846 1092 2936 spirituum
1114 2847 1402 2915 irrationabilium

282 2932 456 3020 phantasia
485 2929 712 3017 corporalium
732 2951 844 2994 rerum
866 2929 901 2995 in
923 2931 1085 2997 memoria
1107 2951 1224 2996 eorum
1245 2954 1306 3018 per
1326 2953 1405 2997 cor·

285 3017 417 3103 potalee
436 3013 551 3078 sensue
571 3011 686 3076 infixa.
730 3016 816 3077 Item
837 3011 874 3077 in
894 3013 1079 3103 disciplinia
1096 3013 1301 3091 liberalibus,
1325 3015 1408 3102 plu·

158 3095 162 3107 '
283 3097 369 3163 rima
388 3096 466 3161 loco
484 3095 710 3183 reperiuntur.
754 3097 857 3160 Nulla
878 3098 969 3162 enim
990 3121 1042 3164 ara
1063 3098 1124 3173 cli,
1156 3120 1242 3186 quae
1263 3096 1330 3162 suia
1351 3099 1406 3164 lo·

285 3179 334 3244 cia
353 3175 491 3254 ''careat,
526 3193 568 3242 ut
595 3179 675 3242 sunt
700 3177 768 3243 loci
802 3179 989 3258 dialectici,
1020 3201 1199 3268 agenore,
1234 3179 1403 3268 aspecim

286 3283 307 3327 a
327 3259 485 3340 nomine,
521 3262 562 3324 ab
584 3260 877 3340 antecedentibus,
907 3264 1247 3351 a'consequentibua,
1278 3287 1295 3327 a
1319 3283 1408 3330 cou-

285 3343 414 3421 trariia,
444 3341 648 3430 caeterisque
676 3345 888 3426 hujusmodi,
922 3349 962 3413 de
984 3347 1106 3446 quibua
1129 3368 1224 3411 nunc
1246 3347 1407 3413 disserere

285 3427 426 3516 longum
455 3427 518 3508 ebt
549 3447 627 3490 nam
650 3439 718 3492 tam
740 3429 807 3492 late
827 3445 946 3516 patent
967 3430 1135 3497 dralectici
1157 3429 1241 3506 loci,
1274 3445 1314 3495 ut
1336 3453 1406 3496 un·

287 3512 465 3598 docunque
499 3507 695 3611 dialecticua
728 3511 861 3610 animur
891 3535 910 3577 a
937 3529 1056 3579 natura
1081 3536 1194 3614 rerum
1221 3535 1406 3601 argumen-

283 3607 393 3741 tte
407 3594 1142 3778 titittritltt⁶st⁶¹tssitt„t·²titt¹t³
1164 3599 1406 3746 tritta

145 3787 152 3802 =
184 3779 186 3784 ·
284 3757 360 3823 aliia
387 3759 552 3847 reperieet
580 3783 666 3849 quae
686 3759 878 3838 suialocra,
910 3761 1029 3840 idest,
1060 3763 1206 3853 propriio
1228 3764 1408 3830 definitio-

284 3839 386 3908 nibua
407 3842 623 3922 ambiuntur,
653 3865 796 3933 quarum
816 3848 967 3933 exempla
987 3847 1067 3912 sunt
1086 3849 1180 3914 baec.
1225 3851 1406 3914 Gaarrua·

285 3941 369 3991 τισι
400 3925 445 3992 eil
474 3925 669 3993 mutulam
699 3927 796 3994 rocio
815 3927 940 4008 culloa,
970 3943 1006 3994 et
1025 3931 1230 3998 moderatrix
1250 3931 1406 4019 discipli·

283 4027 415 4076 uarum.
456 4013 697 4078 Ruuruoarca
717 4011 763 4076 cll
776 4009 910 4079 linitam
923 4013 1056 4081 musam
1069 4015 1221 4104 persona·
1241 4013 1404 4092 materia,

285 4092 473 4173 oceafionm
495 4093 672 4182 qualitate,
691 4095 790 4172 loco,
812 4107 984 4187 tempore,
1005 4099 1185 4178 facultate,
1209 4096 1407 4164 discutient

205 4250 211 4262 ,
284 4175 421 4266 copiose
453 4190 554 4268 atque
573 4192 693 4247 omate
713 4175 901 4269 disciplina.
944 4183 1038 4252 llaec
1059 4182 1237 4272 disciplina
1256 4183 1304 4252 fic
1323 4185 1405 4252 bro·
