2942 4976
292 231 375 307 698
452 265 455 272 ’

293 419 432 486 Posthac
452 415 696 484 extremus-aex
715 415 836 482 mundi
857 409 980 482 dieitur
1001 417 1112 482 aulam

332 502 533 569 Poffeffurus
555 523 646 577 eam,
667 498 705 565 ni
727 500 782 564 lua
804 500 890 564 facta
911 497 1031 564 forent.

293 587 391 653 Eheu
413 586 469 651 led
488 585 645 651 miserum
668 582 801 670 decepit
822 579 947 647 femina
968 583 1128 660 coniunx,
1153 599 1159 612 '

182 721 205 736 .
318 671 446 755 ,Quam
467 668 560 757 prius
581 668 750 733 incautam
771 665 920 753 perdidit
941 665 1023 730 astus
1046 669 1144 755 ophis
1170 669 1195 749 ¹)
1263 683 1269 688 ’

176 785 178 790 ·
293 752 426 834 Moyses
448 753 514 818 dux
534 751 653 841 populi
676 751 857 820 celebravit
875 749 993 836 pascha
1015 752 1209 832 secundum,

334 835 393 900 Bis
415 836 517 921 quina
539 835 635 922 plaga
655 833 849 923 percutiens
871 833 986 898 lstdarn
1008 833 1034 915 ²)

293 917 466 985 Transivit
487 919 653 1004 Dominus
676 920 818 1006 fignatos
839 915 999 1016 languine
1019 915 1149 1003 polles,¹

335 1004 426 1066 Dum
446 1001 690 1101 primogenitos
713 1003 885 1089 planxerat
905 1001 974 1087 spia
995 999 1080 1068 suos.

291 1085 475 1152 llrabelites
495 1087 630 1150 festinus
651 1085 800 1151 vescitur
821 1103 966 1172 agnouit

232 1189 238 1234 t
335 1167 465 1234 Ollibna
486 1169 602 1234 illaelis
626 1167 760 1254 myllica
782 1189 884 1234 caena
906 1167 981 1231 fuit.

176 1252 180 1264 '
293 1254 324 1315 lt
343 1252 490 1339 populus
512 1255 678 1340 gaudens,
701 1256 871 1352 Aegyptus
891 1249 1017 1398 perfida
1039 1251 1143 1340 luget,

333 1335 460 1400 Insanit
480 1336 591 1412 rabie,
616 1357 716 1423 quem
738 1350 836 1400 timet
856 1337 892 1400 in
909 1335 1052 1421 equitur.

173 1477 178 1488 .
293 1417 419 1484 Anxius
442 1423 608 1502 erythreas
630 1435 713 1485 tunc
736 1420 868 1502 Moyses
890 1417 1008 1504 aspicit
1028 1421 1146 1495 undat,
1235 1420 1237 1424 ’

333 1501 440 1566 inicia
459 1502 594 1568 virtutis
616 1503 730 1568 territa
750 1503 844 1589 plebs
869 1501 1010 1567 dubitat.

294 1583 450 1649 Nubibus
472 1585 622 1651 obscuris
643 1586 826 1652 Pharaonis
845 1589 943 1650 turba
962 1599 1094 1648 retenta

334 1669 386 1730 Ne
407 1673 562 1755 praedam
584 1685 736 1755 caperet,
759 1668 887 1734 fervida
909 1668 1003 1731 laeva
1024 1666 1139 1752 stupet.

293 1751 383 1814 Tum
407 1755 475 1816 dux
494 1751 682 1838 intrepidus
704 1753 869 1838 neptunia
891 1751 1026 1816 diffecat
1047 1771 1134 1832 arva,

214 1849 217 1858 ’
332 1833 497 1916 1Ριιιιιίὶἱιίι
517 1834 628 1922 ignoti
647 1835 821 1901 marmoris
842 1833 1037 1900 undaviam.

293 1917 419 1981 Ventus
441 1919 475 1982 et
497 1939 639 1985 exurens
658 1918 833 1984 harmonia
860 1917 885 1996 ³)
905 1917 1003 1982 litora
1024 1916 1132 1993 liccat,

332 2001 377 2062 Et
398 2022 495 2065 muro
516 2000 628 2066 fimitis
651 2004 780 2068 caerula
802 2023 911 2088 prona
931 2013 1050 2066 tumet.

290 2082 481 2227 Inpreditnr
499 2087 647 2170 populus
669 2082 890 2172 lympharnm'
905 2083 1037 2182 gurgite
1058 2098 1162 2162 tutus,

361 2178 453 2229 aetus
476 2182 509 2229 et
533 2167 707 2254 egrediens
730 2185 822 2234 actea
844 2183 936 2257 grata
957 2168 1061 2232 vtdet.

292 2247 456 2314 Obruitur
476 2249 587 2338 pelagi
608 2250 752 2316 cumulis
773 2250 978 2350 pharaonius
998 2248 1109 2327 hostis,

323 2323 482 2422 “Apporto
503 2332 673 2422 disperfim
689 2333 845 2405 Thetidis
865 2335 933 2399 ima
955 2349 988 2398 te
1013 2349 1086 2397 unt.

291 2413 383 2480 Haec
404 2419 575 2501 quondam
596 2417 735 2484 fuerunt
754 2416 891 2484 venturi
913 2354 1105 2515 inidipsum
1126 2415 1260 2494 chriti.
1386 2411 1393 2431 ⁸

330 2499 369 2560 In
391 2518 457 2585 quo
479 2502 649 2566 collucent
693 2523 755 2566 uae
778 2502 905 2566 latuere
928 2502 998 2567 dtu.

291 2577 366 2663 Qui.
381 2581 469 2646 solus
489 2583 600 2651 victor
619 2606 680 2670 pro
724 2599 778 2648 ato
799 2581 955 2671 principe
975 2583 1096 2650 mundi

331 2664 515 2733 Transaeto
538 2665 651 2732 triduo
672 2665 800 2754 prosilit
822 2688 861 2732 ex
884 2669 994 2734 erebo.

288 2741 337 2809 Ac
357 2746 485 2832 primus
507 2752 638 2816 calcans
659 2766 802 2816 mortem
825 2749 981 2814 transivit
1001 2745 1039 2813 in
1061 2750 1137 2824 alta,

331 2827 428 2894 Solus
450 2853 529 2898 nam
550 2833 636 2902 liber
655 2833 799 2900 numine
822 2849 975 2898 tartareo.

329 2913 471 3064 mliii
481 2913 1142 3086 fiiriiipplialclii](iterii-suiiiiiiilicaaim

257 2929 266 2936 ·
290 2910 332 2974 Sa

125 3123 127 3130 ,
289 3081 417 3166 Sponte
438 3082 494 3146 lua
516 3082 684 3182 pominus
705 3083 738 3149 ie
760 3097 884 3181 rnactat
904 3082 975 3228 ipse
996 3081 1157 3158 sacerdot,

287 3164 533 3311 Hfflpepatrr
553 3168 689 3252 placens
709 3166 902 3232 bollaalola
939 3180 999 3229 nrt.

418 3268 507 3393 puae
528 3264 638 3314 totum
659 3249 818 3348 purgavit
838 3247 980 3320 crimine
1001 3249 1177 3324 mundum,

328 3327 414 3392 Mun
440 3353 497 3396 um
519 3353 619 3430 quem
640 3349 755 3420 potuit
776 3335 914 3419 perdere
936 3330 1065 3420 primus
1085 3333 1198 3400 homo.

288 3413 338 3474 Ex
360 3432 430 3477 uno
451 3436 593 3481 vemens
613 3437 703 3482 mora
725 3417 769 3480 est
792 3416 925 3504 expulsa
946 3437 1006 3502 per
1028 3435 1147 3491 unum,

330 3496 442 3561 Morte
463 3500 552 3563 bona
573 3497 663 3564 vitae
683 3521 773 3565 mors
793 3501 880 3564 mala
900 3497 1004 3564 victa*
1037 3497 1110 3563 erit.

287 3575 459 3644 Primitiae
481 3581 628 3647 Christus
649 3581 806 3661 reseravit
827 3584 918 3680 septa
940 3521 1116 3669 sepulchri,

221 3709 229 3718 .
329 3662 463 3726 Nostrae
485 3680 623 3729 naturae
643 3666 774 3752 perdita
795 3666 979 3730 restituens.

232 3791 236 3802 .
289 3745 414 3807 Harum
438 3745 530 3812 nunc
550 3771 661 3812 rernm
684 3751 893 3814 celebrantur
916 3749 1064 3833 symbola
1085 3746 1172 3835 lacta

328 3831 417 3892 Dum
441 3846 559 3914 parent
580 3831 686 3896 oculis
710 3832 876 3898 mentibu'
895 3848 977 3898 nota
998 3830 1101 3919 prius.

322 4025 348 4084 ll
366 4024 416 4077 Pro
434 4023 532 4092 ὄφεως.

318 4094 350 4156 2)
367 4093 462 4144 Glorsn
478 4096 638 4165 Aegyptum.

318 4161 350 4227 3)
369 4159 464 4215 Glosta
480 4160 618 4216 harenosa.
