2912 4978
465 285 574 362 tao
592 285 743 358 &aaa
1094 289 1152 363 83

77 478 120 560 qai
145 473 322 562 ammai,
340 463 415 572 feci
433 461 582 566 spii-itae
605 404 720 555 patrii
739 467 846 574 vestu·
914 474 1097 560 iloqaitae
1116 480 1151 542 in
1261 415 1263 419 *

75 559 167 624 vobis:
192 567 267 622 vera
285 563 373 620 tana
395 555 486 642 cogit
505 575 570 622 noa
591 557 664 622 aliie
686 557 847 624 fimihbue
895 557 1020 625 militer
1040 560 1152 626 erede-
1256 584 1258 600 ¹

73 664 115 718 te,
136 640 257 716 dicere,
280 637 485 726 intelligam
518 628 598 707 non'
611 661 671 706 voa
693 639 765 706 estia
787 639 845 730 qai
866 641 1000 718 amatia,
1023 639 1083 730 qui
1102 639 1152 707 vi·

73 725 157 799 detio,
185 721 426 810 qui‘movetia,
458 722 513 786 sed
533 721 668 810 spiritua
688 723 794 810 patria
812 723 930 802 vestri,
984 723 1020 790 ui
1043 725 1152 814 ioqui·

72 823 115 872 tat
132 807 165 870 in
186 805 280 872 vobis
301 805 478 869 vetitatem
501 807 617 871 deme
638 822 672 871 et
691 823 787 893 patre
807 828 885 873 meo
906 824 940 872 et
960 747 1077 896 beipso,
1100 808 1152 896 ip·

70 891 95 953 ie
114 905 194 954 amat
215 904 249 953 et
270 887 364 952 videt
383 909 455 964 me,
479 904 513 951 et
532 903 661 976 patrem
680 913 795 955 meum
812 905 850 954 et
869 887 1012 990 seipsum
1032 891 1069 956 in
1093 913 1152 956 vo·

16 987 18 1010 ³
68 971 123 1046 bis,
155 989 188 1038 et
215 987 332 1037 movet
358 969 395 1036 in
420 971 517 1036 vobio
540 972 701 1059 seipsum,
736 989 776 1038 ut
796 971 944 1072 diligant
965 995 1021 1039 me
1042 989 1077 1038 et
1095 995 1152 1062 pa·

69 1071 138 1120 trem
161 1076 292 1120 meum:
324 1055 447 1140 liergo
467 1054 605 1141 seipsam
626 1057 748 1122 Sancta
767 1055 916 1122 Trinitas
937 1055 975 1121 in
995 1055 1096 1122 nobit
1118 1072 1153 1122 et
1179 1049 1184 1076 ‘

65 1137 94 1201 in
117 1137 215 1226 seipsa
242 1153 352 1214 amat,
384 1137 527 1224 seipsum
549 1155 585 1204 et
601 1137 696 1204 videt
717 1155 751 1205 et
770 1155 904 1216 movet3
933 1160 996 1222 pro
1019 1155 1111 1205 cetto
1133 1159 1152 1204 a

16 1225 17 1230 ’
65 1219 152 1306 teipsa
171 1235 316 1294 amatur,
343 1220 497 1298 videtur,
526 1237 698 1300 movetur,
720 1223 904 1288 mundum
926 1219 1153 1288 excellentiffi·

64 1327 143 1368 mam
169 1307 311 1369 modum
337 1303 423 1368 malli
444 1309 621 1370 ereaturae
644 1305 838 1404 cognitam,
868 1326 936 1392 quo
958 1305 1098 1392 seipsam
1118 1319 1153 1368 et

64 1403 151 1462 amat,
170 1402 208 1452 et
228 1387 324 1452 videt
345 1403 379 1450 et
398 1405 531 1463 movet;
556 1404 590 1452 et
610 1390 752 1476 a'ietpsa
772 1389 809 1454 in
823 1387 943 1476 seipsa,
967 1389 1052 1454 etin
1065 1407 1152 1454 etea·

65 1469 133 1533 turia
154 1470 220 1534 suia
243 1485 392 1544 amatia,
425 1469 577 1547 videtur,
608 1489 781 1548 movetur,
805 1491 883 1537 eum
901 1473 941 1539 fit
963 1472 1061 1558 super
1083 1491 1153 1535 om·

64 1552 112 1618 nia
128 1575 211 1700 auae
235 1553 333 1618 dese
355 1553 530 1629 dieanturt
554 1555 596 1619 de
615 1554 778 1620 ineffabili
800 1555 893 1621 enim
914 1553 989 1642 quie
1010 1570 1045 1618 et
1069 1551 1154 1640 quid

62 1652 127 1722 pote
168 1634 256 1712 fari,
279 1639 376 1716 cuiue
398 1658 464 1701 nec
483 1657 608 1702 nomen
631 1639 816 1725 proprium,
837 1641 1065 1715 necverbum,
1086 1655 1153 1700 nee
1247 1646 1249 1650 '

63 1719 118 1782 alla
134 1742 200 1784 vox
220 1719 360 1806 propria
379 1718 573 1798 invenitur,
600 1743 666 1786 nee
688 1721 747 1798 est,
769 1741 835 1786 nee
854 1720 927 1786 fieri
948 1721 1072 1807 potest,
1095 1721 1154 1804 qui

57 1796 135 1894 solas
150 1805 251 1867 babet
264 1805 556 1878 ,immortalitatem
576 1818 611 1868 et
632 1806 734 1868 lavem
751 1806 884 1892 habitat
895 1800 1152 1902 inaeeeffibilem.

64 1889 134 1986 pais
159 1891 244 1950 enim
275 1891 431 1984 cognovit
455 1885 653 1971 intellectam
672 1891 839 1954 Domini?
867 1889 934 1952 Sed
953 1907 1151 1987 prtuaquam

62 1971 252 2054 praesentem
285 1967 549 2056 (imputationem
579 1970 819 2048 terminemua,
853 1973 969 2038 Sancta
1000 1968 1153 2052 Dionysii

67 2055 100 2115 de
126 2053 251 2118 Divino
276 2053 360 2117 lietu
379 2069 542 2152 motaque
562 2054 751 2141 capitulum
771 2055 881 2120 visam
900 2053 946 2119 est
965 2053 1052 2120 mihi
1071 2051 1154 2116 huie

62 2135 123 2201 ioca
140 2136 374 2211 inferendum,
396 2138 420 2200 sa
441 2135 504 2200 tibt
525 2137 671 2202 videtur.
962 2175 968 2186 ·

108 2235 159 2304 79.
192 2223 236 2285 D.
262 2219 402 2284 videtur
422 2221 543 2305 plane,
575 2237 676 2308 atque
694 2221 759 2286 hac
778 2216 956 2286 noviffima
975 2215 1154 2284 ratiocina·
1245 2265 1247 2270 .

65 2297 142 2366 tione
170 2305 209 2368 ab
240 2301 338 2382 omni
361 2302 578 2400 ambiguitate
598 2319 779 2392 purgatum
797 2325 853 2369 me
875 2303 986 2368 video.
1029 2303 1079 2367 M.
1111 2303 1152 2364 In

64 2381 133 2450 libto
154 2389 193 2451 de
214 2384 353 2450 Divinis
375 2386 589 2461 nommibua,
619 2391 775 2474 reliquum
796 2401 930 2461 autem,
956 2383 1086 2474 inquit,
1115 2395 1154 2448 ut

64 2467 96 2529 cie
113 2471 221 2536 ai'taiteo
232 2469 336 2561 statu
346 2467 424 2558 five
443 2471 485 2532 ale
523 2473 724 2536 edicamus:
742 2473 824 2557 quid
832 2485 941 2534 autem
955 2469 1152 2550 aliudprae-
1180 2544 1184 2552 1
1233 2489 1236 2498 ’

65 2563 105 2613 tet
131 2577 259 2618 manere
290 2549 397 2648 ipsum
425 2555 460 2618 in
495 2544 586 2644 eipso
607 2547 745 2622 Deum?
777 2567 811 2618 et
832 2553 988 2620 immobili
1005 2550 1155 2618 natarali

67 2638 318 2703 immutabilitate
338 2641 449 2724 immo¹
479 2637 600 2740 elixum
622 2635 702 2731 effe,
724 2650 759 2701 et
768 2629 1153 2732 fiepereolloearisecun·
1243 2665 1256 2682 π

64 2719 126 2782 lam
144 2724 257 2785 eadem
282 2735 316 2784 et
337 2725 426 2784 eirea
446 2715 589 2813 idipsum
610 2737 644 2786 et
652 2719 812 2810 fimiliter
827 2726 968 2805 operari,
990 2733 1024 2784 et
1060 2739 1152 2782 ecut-

63 2801 125 2865 lam
142 2799 389 2897 stabiliffimam
422 2799 530 2897 ipsum
560 2828 603 2868 ex
613 2799 730 2952 ι[αι’]ὶξβο
751 2808 840 2868 omni
858 2805 954 2870 modo
989 2805 1029 2868 ab
1045 2801 1154 2894 eslere,
1193 2885 1197 2892 .

64 2897 90 2946 et
101 2881 274 2976 secandum
294 2883 438 2980 idipsam
458 2891 676 2951 intransmata
699 2889 773 2952 ilem
794 2899 828 2950 et
843 2891 965 2956 ,univer
981 2889 1079 2950 azaer
1097 2887 1153 2948 ima

63 2971 249 3047 mutabilem,
276 2984 310 3036 et
328 2975 409 3036 haee
418 2966 753 3064 supereffentialiter.
784 2973 918 3036 Etenim
938 2967 1009 3058 ipse
1031 2965 1153 3070 ellam·

64 3057 134 3116 aiam
143 3055 332 3147 stationis,
354 3069 388 3119 et
407 3055 486 3118 aedi
512 3059 582 3119 eati
601 3068 636 3118 et
654 3051 902 3142 aedificationis
918 3047 1071 3142 causales,
1094 3051 1155 3134 qai

65 3135 102 3224 est
110 3134 210 3232 saper
229 3162 355 3205 omnem
377 3139 458 3203 aedi
481 3142 642 3203 tationem
661 3152 695 3203 et
706 3137 913 3232 stationemt
933 3151 967 3200 et
988 3140 1023 3202 in
1033 3125 1153 3282 sciffo

65 3227 155 3285 omnia
174 3247 232 3288 eon
270 3205 370 3298 ituit,
394 3236 428 3285 et
446 3225 654 3305 propriorum
673 3223 828 3287 bonorum
837 3219 992 3314 statione
1009 3225 1104 3286 immo
1127 3215 1153 3280 i·

63 3302 100 3364 lia
117 3321 147 3369 et
165 3309 223 3400 cael
235 3307 344 3373 adita.
388 3307 480 3409 patiti
498 3319 608 3370 autem
630 3319 665 3371 et
686 3329 758 3371 eum
779 3309 897 3370 iterum
923 3303 1096 3387 Theologi,
1119 3313 1154 3364 et

64 3389 90 3448 ia
113 3397 217 3454 omnia
248 3393 490 3474 pervenientem
513 3404 547 3453 et
566 3392 753 3455 mutabilem
772 3391 889 3454 dieunt
908 3385 1152 3463 immutabilem,

64 3491 148 3536 nome
166 3475 332 3539 divinitas
353 3487 387 3538 et
406 3477 471 3538 boe
490 3473 763 3558 intelligendum?
783 3475 920 3541 Moveri
939 3476 1021 3538 emim
1043 3466 1151 3558 ipsum

63 3557 107 3632 pie
123 3559 365 3632 arbitrandum,
386 3578 449 3623 non
460 3551 641 3648 seeundum
662 3560 878 3635 delationem,
901 3570 962 3620 aut
981 3553 1154 3618 alienatio·

66 3657 136 3716 aem,
171 3657 232 3707 aut
260 3643 532 3717 alternationem,
563 3655 625 3706 aot
652 3639 906 3732 conversionem,
932 3651 992 3702 aut
1019 3634 1156 3702 localem
1187 3709 1191 3724 ³

65 3737 185 3805 motum,
216 3720 284 3794 dam
312 3737 458 3799 rectum,
491 3747 556 3791 non
584 3725 790 3790 circulariter
807 3715 991 3826 ferentem,
1022 3737 1086 3784 aon
1111 3740 1154 3784 ex

67 3809 217 3888 moetus,
246 3831 313 3877 non
333 3809 591 3893 intelligibilem.
622 3831 688 3874 noa
710 3803 902 3880 amabilem,
936 3827 1000 3874 non
1018 3813 1153 3868 natura·

65 3887 201 3986 lamsaci
222 3898 258 3958 in
279 3888 417 3988 affantia
436 3893 544 3958 dicere
563 3895 676 3961 Deum
705 3905 740 3957 et
774 3895 938 3956 continere
964 3889 1088 3960 onmia,
1119 3897 1155 3950 et

66 3973 277 4072 wioersaliter
297 3977 440 4042 omnibus
460 3979 652 4058 providere,
674 3989 709 4040 et
728 3975 792 4039 ade
822 3971 1155 4040 comnibusomnium

67 4057 303 4156 iammjuratttt
322 4059 583 4154 circumstantia,
607 4075 642 4128 et
662 4063 697 4125 in
718 4065 774 4125 exi
806 4057 894 4126 entia
914 4061 1023 4126 omnia
1042 4056 1154 4138 provi·

67 4141 227 4240 §iepram
267 4145 398 4221 onibus,
429 4159 463 4210 et
489 4143 744 4230 operationibus.
787 4143 854 4212 set
882 4157 916 4207 et
942 4155 1063 4208 motam
1082 4139 1156 4206 Dei

68 4233 217 4298 mmmm
233 4238 247 4300 i
268 4233 429 4297 divinitus
450 4235 580 4297 ratione
600 4231 837 4298 concedendam
856 4225 1011 4302 laudere,
1033 4237 1068 4288 et
1088 4245 1154 4286 ree·

694 4347 756 4412 6*
