2856 4978
53 173 93 241 ⁸*
173 243 176 248 ’
234 231 314 310 ato
552 229 1003 309 arduennensium.

158 387 168 418 ⁸
238 440 304 510 pua
330 431 366 484 et
397 414 544 484 ιιιίιιιιιιι
572 414 747 492 causaliter
775 429 811 482 et
836 413 1101 505 primordialiter
1119 429 1230 484 creata
1253 415 1353 494 sunta

104 495 111 508 '
238 501 401 592 quoniam
422 499 461 568 in
481 503 612 567 honore
632 499 748 568 omnir
762 501 856 566 sacta
876 501 972 568 suntt
994 498 1079 588 quid
1097 499 1239 576 mirum,
1263 500 1355 568 srdi-

239 587 325 656 vino
352 599 533 686 praecepto
553 587 725 666 jubeatur,
753 587 897 650 animam
916 589 1099 658 amentor,
1129 587 1196 650 hoc
1217 583 1267 648 eli-
1284 585 1356 650 aui·

93 653 107 706 ·’
239 673 307 739 mal
326 691 464 748 vivent,
485 671 691 756 producere:
712 683 753 734 ut
773 671 865 756 quod
887 667 1063 736 causaliter
1078 668 1212 734 occulte
1223 665 1263 732 in
1276 689 1356 732 cau·

172 1477 174 1485 .
226 1415 364 1521 species
381 1415 480 1514 suas.
524 1424 574 1487 Δο

238 755 281 822 fic
301 769 336 820 ct
354 750 542 818 rationibus
563 754 724 827 habebat,
739 754 814 819 :hcc
833 751 870 818 iu
893 774 1016 840 genera
1038 765 1073 816 ct
1091 751 1219 838 speciea
1235 767 1355 837 aperte

216 835 465 926 ‘producerets
496 837 543 900 Et
572 834 651 902 vide
685 839 857 934 quomodo
888 837 1076 908 naturalem
1102 855 1215 900 rerum
1237 836 1356 900 conse·

239 919 414 1022 fluentiam
446 916 603 984 divinum
622 921 722 984 nobie
741 919 930 986 mauiieliat
947 917 1132 1006 eloquium.
1175 919 1357 994 Producat,

236 1001 373 1092 inquit,
395 1015 488 1067 terra
506 1005 650 1068 animam
669 1007 836 1068 viventem
858 1007 892 1070 in
910 1025 1028 1088 genere
1039 1003 1117 1102 juo.
1158 1001 1275 1067 Primo
1299 1021 1356 1089 ge-
1425 1033 1426 1084 1

237 1109 304 1153 uua
325 1084 461 1173 posuit,
495 1084 656 1176 quoniam
676 1086 714 1154 in
735 1087 809 1175 ipso
829 1109 946 1154 omneo
967 1087 1095 1174 spectet
1117 1099 1152 1150 ct
1172 1082 1355 1150 continen-

236 1184 294 1236 tur
320 1184 356 1235 et
382 1191 492 1236 unum
520 1170 615 1250 sunt,
651 1185 686 1236 et
715 1169 754 1236 in
786 1193 840 1237 ear
865 1168 1031 1238 dividitur
1052 1183 1088 1235 et
1106 1167 1357 1254 multiplicatur

217 1257 297 1341 'per
342 1253 489 1318 enerrlee
510 1253 634 1322 formae
656 1254 898 1342 specialissimae
923 1255 1103 1341 ue‚·quod
1124 1251 1226 1317 etiam
1248 1251 1356 1318 otlen-
1395 1314 1401 1334 ,

239 1337 291 1402 dit
337 1337 446 1404 'cenat
458 1339 613 1427 jumenta
635 1351 670 1404 et
689 1342 828 1440 reptilia
850 1353 887 1438 et
901 1277 1029 1437 {estias
1050 1349 1159 1402 terrae
1169 1331 1354 1433 secutatione

238 1501 365 1571 dividit
390 1526 513 1592 genera
540 1503 578 1570 iu
607 1425 758 1592 Fpegciliif
777 1425 982 1593 rpttessffirg
1002 1419 1358 1600 ppogusg‘dlgrbpplrg

210 1605 213 1612 “
235 1609 324 1738 guae
345 1581 552 1737 Attianum?
576 1587 722 1666 dicitur,
759 1611 831 1656 non
852 1593 893 1654 ab
915 1587 1072 1654 humanit
1094 1589 1356 1657 machinationi·
1426 1611 1427 1654 l

260 1693 300 1737 uo
332 1673 373 1738 sit
392 1673 500 1750 sacta,
549 1673 648 1738 edin
670 1689 792 1738 natura
811 1695 941 1748 rerum.
975 1676 1016 1738 ab
1038 1687 1176 1736 auctore
1197 1667 1355 1734 omnium

78 1799 81 1808 ·
163 1819 166 1826 ,
237 1753 362 1822 artium
388 1777 475 1844 quae
501 1777 581 1821 vere
610 1772 698 1822 artea
725 1757 822 1834 sunt,
853 1754 1009 1831 condita.
1041 1769 1076 1819 et
1103 1751 1355 1851 ansapientibua
1426 1807 1427 1816 ,

235 1837 397 1916 inventa,
420 1854 456 1903 et
476 1842 519 1904 ad
541 1837 724 1906 utilitatem
744 1840 873 1906 solertia
893 1861 1005 1906 rerum
1027 1837 1201 1924 indagrnta
1221 1835 1352 1900 usitata.

297 1931 329 2001 5.
351 1925 400 1986 M.
421 1924 473 1986 Ex
495 1922 547 1988 hia
570 1943 676 2009 quae,
698 1923 736 1989 ni
757 1923 875 1999 fallor,
895 1920 1143 1988 rationabiliter
1164 1939 1183 1984 a
1205 1933 1239 1982 te
1261 1917 1354 1984 dicta
1426 1961 1427 1970 ι

236 2004 333 2080 sunt,
360 2006 386 2069 fi
416 2003 491 2092 quie
518 2005 669 2088 voluerit
748 2007 806 2071 test
826 2006 928 2072 etiam
950 2005 1017 2072 alio
1037 2005 1141 2070 modo
1162 2000 1355 2089 intelligere

236 2091 339 2178 quod·
350 2086 511 2175 scriptum
534 2089 594 2156 elle
615 2110 678 2172 pro
724 2103 803 2154 cant
822 2110 929 2174 oqwa
948 2091 1070 2171 reptile
1090 2089 1222 2150 animoa
1237 2089 1353 2150 atver-

235 2176 300 2247 tt's‚
333 2185 369 2236 et
394 2166 658 2322 vdattieslupes
686 2187 830 2251 terram,-
856 2187 896 2238 ut
924 2171 1125 2271 nonioium
1146 2165 1353 2268 fimpiiciter,
1426 2195 1427 2248 ι

234 2254 1354 2434 &tillill‘l'lr‘llllllisli¹¹l22irll¹0iltlltl⁰sf:t
1426 2331 1427 2334 ¹

233 2420 360 2509 frigido
379 2439 541 2510 aquarum
564 2423 732 2490 elemento
753 2439 862 2490 creata
885 2424 964 2488 elie:
985 2442 1104 2488 verum
1121 2436 1223 2484 ettam
1237 2419 1351 2485 altiori

233 2501 331 2569 sensu
360 2527 400 2570 ex
421 2505 545 2572 abditia
564 2507 811 2595 prosundiaque
832 2523 972 2572 naturae
993 2505 1138 2579 finibus,
1166 2502 1203 2567 in
1225 2503 1357 2590 quibua.

234 2587 409 2654 causaliter
436 2605 472 2653 et
491 2589 755 2677 primordialiter
775 2590 981 2668 factasunt,
1016 2589 1055 2655 in
1079 2607 1203 2674 genera
1225 2601 1260 2650 et
1280 2587 1353 2672 spe·

13 2670 18 2679 '
146 2683 150 2696 “
232 2669 302 2736 ciet
324 2649 479 2738 dedudta.
510 2671 605 2760 Quid
627 2674 719 2738 enim
740 2675 863 2747 obstat.
886 2695 931 2737 ne
951 2673 1036 2738 ficut
1055 2685 1163 2736 terrae
1179 2671 1349 2736 vocabulo

231 2769 372 2820 naturae
392 2754 599 2854 significatur
618 2756 768 2822 soliditas
790 2772 825 2823 et
844 2755 1018 2831 fertiliter,
1059 2753 1108 2820 ita
1128 2753 1230 2820 etiam
1252 2775 1353 2840 aqua·

231 2858 308 2902 rum
347 2838 596 2937 significatione
633 2843 786 2918 ejusdem
819 2855 960 2905 naturae
995 2838 1109 2905 abdita
1141 2836 1353 2923 intelligatur

228 2919 466 3068 profunditate
500 2939 543 2987 ut
563 2921 717 2988 omnium
739 2921 959 2997 animalium,
991 2921 1165 3009 quaesite
1187 2943 1228 2984 ex
1252 2937 1349 2997 terra,

255 3025 297 3070 ve
318 3026 359 3070 ex
380 3004 475 3092 nquit
494 3006 656 3093 leguntur
676 3005 802 3083 creari,
824 3028 894 3070 una
917 3008 1101 3093 eademque
1122 3020 1351 3091 cognoscatur

231 3085 346 3175 otigo,
380 3087 534 3186 quamvio
562 3087 736 3154 dividatur
765 3110 882 3154 cotum
906 3087 1122 3176 speculatio?
1157 3088 1232 3153 alia
1253 3088 1350 3174 fiqui·

103 3212 106 3218 ·
158 3185 162 3190 ·
194 3179 197 3184 ’
231 3171 310 3236 dem
341 3169 378 3237 in
406 3186 525 3257 quanta
545 3171 914 3258 prophetica'theoria‚
952 3171 1016 3236 alia
1036 3171 1074 3236 in
1097 3171 1187 3236 sexta
1208 3172 1347 3238 condita

227 3268 475 3334 memorantur:
498 3275 563 3320 nec
583 3257 651 3321 hoc
672 3256 740 3320 fine
760 3255 892 3326 ratione
913 3255 1040 3320 sactum
1054 3255 1266 3321 crediderim.
1290 3259 1347 3322 Ve-

229 3333 261 3401 ri
284 3333 375 3400 onim
395 3335 501 3402 iimiie
521 3336 678 3416 videtur,
709 3341 803 3426 quod
823 3337 902 3404 ideo
925 3352 1057 3404 terrena
1078 3338 1237 3404 animalia
1259 3341 1346 3408 iaxta

222 3415 305 3494 ldie,
336 3417 373 3482 in
401 3441 468 3509 qua
489 3420 590 3486 etiam
610 3423 714 3488 homo
735 3423 844 3487 sactus
867 3423 927 3499 est,
960 3425 1003 3488 dc
1025 3438 1110 3488 terta
1132 3425 1279 3522 produci
1298 3431 1346 3507 ju·

227 3503 369 3578 buntur,
409 3503 572 3590 quoniam
598 3509 759 3584 majorem
779 3503 1035 3572 similitudinem
1056 3506 1207 3572 hominio
1228 3507 1267 3574 in
1288 3531 1344 3576 na·

228 3599 305 3658 tura
335 3584 394 3650 sua
425 3586 587 3652 videntur
618 3590 753 3654 habete.
797 3589 950 3656 Omueli
975 3588 1097 3673 uidem,
1113 3595 1206 3676 quod
1227 3591 1268 3658 in
1292 3615 1346 3658 na·

227 3681 303 3732 tura
331 3666 488 3736 animalia
519 3663 692 3748 hominia}
720 3689 857 3771 praeter
876 3611 1089 3740 inteliectum
1111 3690 1148 3738 et
1165 3673 1343 3752 rationu,

80 3765 86 3778 ’
225 3749 464 3838 cognoscitur3
485 3753 683 3826 naturaliter
704 3755 747 3822 iro
768 3755 869 3821 inesse
889 3756 1024 3842 physica
1044 3756 1279 3844 speculatione
1295 3759 1343 3824 iu·

224 3833 373 3900 venitur.
415 3837 464 3900 M.
493 3837 573 3903 Non
601 3838 730 3915 solum,
764 3855 804 3904 ut
825 3839 966 3926 opinor,
999 3838 1050 3904 nil
1072 3843 1194 3918 obstan
1224 3865 1341 3908 terum

136 3995 138 4000 Ι
226 3915 329 3982 etiam
358 3932 399 3982 ut
425 3916 474 3984 ita
494 3918 723 4008 intelligamur
746 3943 784 3988 ea
805 3945 890 4022 (1⁰³5
913 3921 1035 4019 scripta
1058 3925 1138 4020 sunt
1157 3927 1341 3991 secundum

223 3999 400 4065 veritatem
423 4022 535 4072 retum
556 4004 740 4081 factarum,
761 4021 848 4071 tatto
863 4007 934 4093 ipsa
951 4022 1119 4070 antenuua
1137 4010 1339 4075 considerata

79 4079 87 4104 ⁴
127 4083 138 4102 ⁸
224 4102 290 4148 noa
312 4085 466 4151 advocat.
507 4087 563 4150 Est
593 4088 685 4154 enim
707 4086 884 4173 multiplex
907 4106 943 4154 et
962 4087 1120 4154 inlinitur
1142 4088 1334 4158 divinorum

82 4173 87 4188 ¹
223 4165 437 4255 eloquiorum
464 4167 676 4240 intellectuat
707 4169 871 4260 liquidem
898 4172 938 4240 in
969 4195 1084 4260 penna
1104 4176 1250 4261 panonia
1269 4194 1332 4242 una
