2958 4978
933 801 1082 844 ἰ,

321 1041 975 1193 ΡΉΑΕπΑώια,

124 1408 319 1470 ΟΗΑΝΝΕὸ
332 1407 480 1469 scotus
495 1409 670 1471 ERIGENA
682 1408 709 1482 ¹)
727 1406 1039 1493 genetellibernun
1050 1403 1078 1482 ²)
1093 1421 1191 1472 natus

152 1488 288 1553 lortalle
317 1487 406 1555 circa
434 1509 561 1554 annum
589 1500 684 1568 828„
716 1490 753 1554 in
775 1490 883 1579 patris
902 1491 1075 1554 literarum
1097 1491 1192 1554 cultu

82 1587 174 1718 aare·
195 1571 361 1659 temporis
392 1573 545 1672 pannium
579 1573 811 1674 celeberrima,
842 1572 1048 1721 optimarum
1070 1571 1201 1636 artium·

83 1658 431 1838 «ιηῗὲἓρὲῗέῗῗιὶ
445 1658 1193 1838 ltfdssdtf‘sstslttlllimet
1218 1805 1223 1813 ,

83 1822 335 1887 contemtlone
359 1824 554 1888 sacerdotali
575 1823 794 1911 inauguratus
816 1823 910 1901 (licet
933 1824 1092 1890 nonnulla
1114 1841 1193 1888 eum

80 1903 202 1970 laicum
222 1907 372 1970 maniille
394 1922 539 1994 putent,
574 1907 701 2006 aliique
723 1911 764 1972 de
784 1907 981 1996 longinquis
1001 1905 1192 1980 itineribus,

101 1986 202 2054 nibus
224 1990 399 2054 Graeciam
425 2005 459 2054 et
474 1989 584 2076 iplum
596 1991 770 2056 Orientem
783 1991 983 2068 visitaverit,
1005 1991 1192 2056 immonem

81 2009 241 2146 iaciant),
264 2088 306 2136 ut
326 2074 385 2139 ilio
411 2089 562 2160 tempore
580 2074 680 2139 multi
725 2072 916 2160 opularium
939 2080 1029 2155 ejus,
1058 2073 1095 2138 in
1119 2074 1193 2138 Gal·

81 2155 157 2218 liam
180 2156 213 2218 ic
235 2155 394 2222 contulit.
436 2157 502 2222 Ubi
524 2159 664 2222 Carolus
718 2161 812 2223 alsus
832 2179 910 2234 rex,
932 2158 970 2222 in
991 2177 1193 2243 promoven·

83 2239 130 2302 dis
152 2237 261 2302 literis
286 2261 361 2305 acer
382 2255 415 2304 et
435 2240 637 2319 industrius,
663 2263 740 2306 cum
760 2239 901 2307 Parilios
923 2239 1059 2306 vocavit
1075 2254 1109 2303 et
1122 2261 1191 2303 ma·

104 2321 214 2386 'lirum
240 2321 278 2386 in
302 2325 438 2394 mathefi
460 2339 499 2408 et
516 2324 709 2400 dialectica,
733 2324 912 2411 praesulem
937 2346 982 2388 ue
993 2325 1125 2388 scholae
1138 2344 1193 2386 au·

92 2427 163 2469 scae
205 2422 290 2471 tnnc
326 2429 487 2496 perquam
525 2410 631 2472 clarae
673 2407 855 2473 constituit.
916 2347 1008 2496 laegi
1041 2404 1190 2471 hilaritas

84 2493 210 2566 ejuset
231 2491 342 2554 facete
369 2491 543 2580 ingeniose
569 2492 721 2556 aedicto
744 2513 947 2578 magnopere
972 2492 1192 2580 placuerunt3

83 2593 180 2655 quare
203 2573 327 2638 Carolo
348 2595 427 2639 mox
447 2575 547 2640 amici
620 2597 678 2650 us,
719 2575 789 2640 imo
811 2577 908 2661 saepe
927 2576 1061 2640 mensae
1082 2572 1192 2639 locius

84 2669 180 2738 atque
208 2657 466 2732 contubernalis
494 2659 624 2736 factus,
657 2659 776 2746 procul
811 2660 916 2724 dubio
946 2661 988 2724 ad
1018 2657 1192 2723 incitanda
1255 2680 1259 2688 ·

86 2756 273 2822 opportune
308 2741 410 2806 etiam
438 2757 528 2806 extra
556 2745 674 2807 urbem
695 2743 854 2818 Parisios,
892 2759 966 2808 toto
982 2744 1192 2812 Francorum

87 2841 185 2906 regno
216 2820 391 2888 literarum
421 2825 610 2912 artiumque
634 2825 822 2902 liberalium
845 2825 951 2890 studia
972 2828 1117 2890 multum
1139 2841 1192 2883 va-

89 2903 178 2967 lebat.
222 2907 291 2968 Sed
319 2909 421 2993 paulo
441 2908 513 2992 post
532 2907 633 2971 variis
656 2925 691 2972 et
713 2907 858 2970 molestis
881 2904 1108 2970 incommodis
1132 2903 1191 2966 im·

90 2985 224 3070 plicatus
253 2987 306 3052 eil.
350 2991 537 3055 Monachus
569 2988 660 3054 enim
693 2988 835 3052 natione
857 2987 943 3052 Saxo
966 2988 1193 3052 Godescal·

120 3207 145 3262 ll
161 3205 200 3263 Cl'.
218 3204 297 3278 Opus
314 3205 448 3276 egregium
465 3205 540 3276 quod
567 3205 635 3260 Psoi.
663 3206 711 3260 Dr.
740 3204 1039 3272 Steudonmayct
1066 3202 1191 3273 scripsit:

149 3274 287 3328 Iohannes
304 3273 401 3328 Scotus
419 3275 531 3345 Erigena
550 3276 606 3328 und
623 3275 667 3328 die
685 3273 880 3330 wissenschast
896 3277 984 3327 seiner
1001 3274 1067 3324 Zeit.
1090 3273 1111 3322 l.
1130 3272 1192 3323 Vol.

107 3375 111 3384 ·
150 3343 252 3396 Franci.
277 3341 350 3418 isli.
381 3344 457 3402 1834.
500 3344 576 3413 Quae
603 3347 645 3396 vir
662 3345 710 3396 ille
728 3345 898 3396 doctissimus
919 3343 977 3404 ibi,
1001 3359 1026 3410 p.
1050 3342 1192 3401 tea-213.

152 3411 319 3482 disputarit,
345 3429 377 3464 ea
401 3413 448 3463 bic
474 3415 533 3476 ita,
558 3422 590 3465 ut
614 3417 644 3466 in
661 3414 741 3466 rebus
757 3421 862 3466 unium
880 3413 993 3466 minoris
1010 3411 1141 3465 rnomenti
1159 3410 1192 3460 ab

152 3481 224 3534 illius
241 3482 378 3534 sententia
395 3479 593 3565 discrepemus,
611 3481 730 3534 breviter
748 3482 926 3602 exposuimus.
1065 3547 1071 3559 ι
1117 3548 1122 3558 ⁴

118 3551 144 3612 2)
162 3549 323 3604 certissimis
341 3559 503 3618 argumentis
521 3551 661 3620 confirmat
670 3550 725 3604 hoc
742 3553 766 3604 T
806 3567 900 3603 omas
919 3549 1043 3602 Moore
1063 3565 1093 3598 an
1105 3544 1189 3596 libro:

152 3619 261 3688 llistory
286 3619 319 3671 oi
340 3617 453 3669 lreland.
479 3619 551 3671 Tom
577 3619 598 3675 1.
623 3636 682 3689 sap.
702 3621 745 3678 13.
781 3619 992 3684 Staudenrnayar
1017 3615 1197 3674 Eriuven,·

56 3721 61 3734 .
150 3687 300 3741 anauniae
327 3687 436 3751 locum,
459 3687 588 3756 Erigonae
605 3689 720 3758 patriam
737 3689 818 3752 fuisse
834 3695 927 3757 putst5
953 3685 1017 3746 alii,
1044 3698 1192 3750 cognomen

151 3753 258 3812 Secti
275 3757 346 3810 male
364 3756 592 3826 interpretantes,
609 3773 671 3812 enan
688 3759 719 3810 ln
736 3765 806 3810 terra
823 3759 892 3826 quae
909 3770 982 3808 nune
998 3751 1193 3822 Scotiaappel-

151 3825 331 3880 {stornatum
350 3839 407 3877 case
424 3825 620 3879 existimarunt.

118 3893 145 3952 a>
161 3897 218 3948 lmo
244 3893 383 3948 hebraicas
407 3901 438 3947 et
461 3895 575 3947 fortasse
600 3891 703 3962 Sysinas
729 3896 812 3946 etiam
842 3894 932 3945 literas
950 3888 1077 3943 didicisse
1092 3887 1190 3940 fertur:

152 3965 184 4020 cl.
202 3963 342 4022 lohannes
361 3962 456 4015 Scotus
474 3963 517 4014 Eri
537 3979 606 4027 cna,
623 3965 669 4016 nin
687 3963 792 4032 Beitrag
811 3957 1184 4013 zsrrGrsrltielito‹lerchriatl

153 4031 330 4103 Philosophia
356 4032 407 4084 mit
431 3981 595 4086 besonierer
619 4030 765 4084 liticltsicht
791 4033 840 4081 ans
854 4031 897 4084 dic
917 4030 1120 4108 llarstellungcn
1139 4041 1191 4077 von

153 4099 232 4164 Ilion
248 4101 307 4154 und
324 4099 549 4168 Staudenmayes,
571 4100 726 4156 bearbeitct
743 4119 797 4152 von
817 4100 900 4160 lltrC
928 4100 955 4151 F.
976 4097 1062 4156 Hesi,
1081 4095 1189 4166 laplicm.
1229 4119 1238 4142 .-

153 4165 286 4223 llsnnens.
303 4171 345 4228 ld.
365 4171 465 4225 l'nscic.
485 4169 562 4231 1836.
762 4193 766 4203 ’

739 4273 797 4339 *l
