2942 4976
211 161 352 268 ,668
522 117 530 142 Γ
605 145 1048 236 uouenuoeNotwae.

272 355 298 418 1
404 351 483 416 ueni
500 348 632 412 mtrem
652 349 863 426 insen-uon¹
890 347 950 414 uid
968 321 1066 421 volo,
1088 343 1161 422 nisi,
1182 341 1379 414 retardanti

146 444 155 454 ’
308 455 397 500 errae
416 431 582 498 vocabulo
602 450 738 496 omnem
759 371 1167 508 senfibilem-creaturam
1187 428 1278 516 ignis
1294 451 1380 494 vero

273 516 439 592 ardentis,
474 515 550 578 snae
577 513 851 580 manifestationis
882 513 1065 579 claritatem
1088 512 1124 578 iu
1147 512 1306 578 omnibus
1327 513 1382 576 su·

90 597 93 606 ’
186 641 193 652 ·
271 607 402 675 mam,
437 597 554 686 suique
588 597 706 678 judicii
722 632 725 645 ·
739 598 936 662 ferventiam
967 595 1081 683 typice
1101 595 1312 683 fignificane,
1345 610 1382 660 et

273 700 402 758 cetera,
427 703 512 769 quae
533 681 645 768 typice
670 681 845 747 defuturo
869 678 996 762 judicio
1019 678 1134 744 divina
1157 679 1260 744 tradit
1280 678 1382 743 hido-

219 795 223 800 ·
271 767 342 843 τίη
375 768 417 831 de
447 764 568 852 quibua
597 785 690 848 nunc
723 779 863 832 tractare
884 766 1023 850 longum
1046 763 1099 827 esl.
1141 765 1183 828 D.
1220 765 1381 848 Longum

270 849 427 996 quidem
457 849 576 911 vellem
594 863 717 913 tamen
745 847 892 917 breviter
920 847 1051 921 audire,
1076 863 1166 994 quae
1185 846 1251 910 sint
1269 847 1381 910 nubes

299 936 367 1007 lae,
388 931 425 995 in
447 930 569 1016 quibus
592 929 706 995 Sancti
726 928 901 1017 rapientur
922 929 1055 994 obviam
1105 927 1204 994 hrislo
1223 926 1263 992 iu
1285 935 1378 1003 aem

150 1021 151 1024 ’
207 1035 209 1040 ·
270 1029 307 1080 ‘et
328 1013 470 1102 quis=est
487 1014 549 1078 ille
570 1023 644 1088 aer,
670 1013 707 1077 in
729 1035 796 1101 quo
819 1035 895 1079 cum
920 1014 1047 1078 Chrislo
1069 1011 1106 1076 in
1129 1012 1205 1102 ipsis
1226 1010 1380 1076 nubibus

272 1097 403 1185 semper
428 1113 538 1162 erunt.
580 1095 637 1176 Ait
658 1095 747 1162 enim
770 1097 966 1184 Apostolus:
998 1097 1092 1172 „Nos
1115 1112 1225 1158 autem
1248 1093 1309 1181 qui
1330 1115 1381 1156 re-

270 1179 476 1268 linquimur,
495 1179 565 1265 ·qui
592 1178 712 1266 residui
746 1181 876 1254 sumus,
912 1181 977 1245 hoc
1008 1180 1051 1243 esl
1081 1178 1139 1276 qui
1162 1181 1317 1242 nondum
1340 1175 1380 1238 iu
1418 1259 1420 1264 Ι

271 1263 488 1328 altitudinem
523 1261 745 1327 deificationis
767 1262 995 1336 ascendimus,
1028 1282 1199 1348 rapiemur
1220 1259 1256 1323 in
1278 1257 1381 1322 nubi·

271 1349 337 1412 bus
367 1346 500 1411 obviam
515 1352 518 1356 ’
532 1344 661 1410 Clsrislo
682 1344 718 1410 in
743 1354 832 1420 aera,
865 1360 899 1410 et
920 1347 962 1410 sse
984 1346 1048 1409 sem
1076 1367 1112 1408 er
1131 1365 1209 1409 eum
1230 1342 1292 1406 illo
1316 1339 1380 1404 eri·

270 1435 380 1495 mus.”
421 1431 469 1493 Μ.
499 1432 551 1492 De
578 1427 632 1492 his
656 1429 808 1492 nubibus
830 1445 863 1492 et
883 1427 919 1494 in
939 1369 1110 1515 prioril’us
1132 1424 1376 1512 disputationis

111 1513 159 1558 ¹-
270 1511 365 1578 libris
386 1514 527 1578 Beatum
549 1510 732 1576 Maximum
755 1513 928 1598 sequentes
944 1509 1091 1597 praefati
1110 1531 1217 1596 pauca
1238 1508 1379 1588 sarnus3
1453 1571 1454 1594 q

271 1609 307 1660 et
335 1617 431 1660 nunc
458 1595 580 1674 iterum
602 1594 716 1659 Sancti
738 1595 896 1660 Ambrofii
919 1594 1047 1658 sensum
1072 1597 1250 1665 addentes,
1288 1589 1380 1656 dice·
1453 1637 1454 1680 q

269 1699 357 1744 mus.
398 1677 636 1776 Unusquisque
665 1677 770 1764 igitur
799 1680 1016 1750 Sanctorum,
1048 1691 1087 1740 ut
1115 1676 1163 1740 ait
1192 1675 1376 1749 Maximus,
1453 1685 1454 1722 l

270 1761 363 1824 suem
386 1764 524 1826 babebit
543 1764 686 1835 nudem,
709 1761 878 1848 propriam
899 1760 1058 1826 videlicet
1079 1760 1155 1822 suae
1172 1757 1379 1854 contempla-

271 1843 377 1908 tionis
396 1845 556 1908 virtutem
579 1859 619 1908 et·
634 1844 865 1925 altitudinemq
896 1843 933 1908 in
956 1859 1117 1929 quantum
1139 1840 1265 1928 quippe
1288 1861 1380 1927 quta·
1453 1863 1454 1876 ¹

213 1955 223 1971 ·
271 1947 338 2011 que
358 1925 558 2012 cogitationi
576 1927 725 1992 veritatis
748 1925 1046 2015 appropinquabit,
1067 1925 1103 1992 in
1119 1939 1250 1989 tantum
1269 1922 1378 2010 rapie-

271 2024 328 2072 tur
350 2009 482 2074 obviam
507 2009 636 2074 Christo
656 2009 694 2074 in
716 2018 808 2085 adra,
831 2013 898 2075 hoc
919 2009 962 2074 ett
981 2009 1017 2074 in
1040 2007 1227 2095 puriffimae
1251 2005 1376 2071 intelli·

272 2091 407 2178 gentiae
428 2091 640 2180 altitudinem
664 2109 698 2180 et
719 2093 921 2169 claritatem}
955 2115 993 2158 ac
1013 2093 1059 2177 stc
1075 2093 1203 2177 semper
1225 2087 1263 2156 in
1285 2091 1377 2154 nube

169 2207 177 2215 ·
271 2173 567 2321 qoqttemptlatiopis
589 2176 666 2322 ssqte
687 2174 871 2324 inAdilqinqs
894 2175 1105 2324 theoplqanqia
1122 2173 1283 2322 “Persia
1321 2195 1377 2236 au·

247 2277 376 2324 oet.
440 2279 492 2321 em
529 2279 612 2322 econ
640 2281 696 2322 um
742 2274 1139 2324 mroumnuesuut
1179 2279 1198 2320 a
1245 2277 1300 2321 arc
1345 2277 1374 2332 e,

135 2373 138 2382 ·
270 2339 365 2403 verbi
389 2337 717 2426 gratia,'Abraham,
740 2343 1044 2424 ltere-etlacom
1081 2341 1117 2406 in
1141 2361 1285 2427 quorum
1306 2340 1376 2404 fide
1453 2385 1454 2416 ,

159 2496 162 2502 ¹
272 2437 306 2486 et
327 2424 461 2512 sctipne
483 2438 517 2488 et
537 2424 694 2500 scientia,
712 2426 843 2489 ..veluti
865 2425 901 2490 in
924 2427 1120 2512 quibusdam
1142 2422 1289 2487 nubibus
1310 2425 1377 2488 cla·
1453 2429 1454 2516 ᾗ

271 2503 402 2570 riffimie
433 2507 695 2572 haeredes-novi
716 2508 917 2573 Testamenti
941 2508 1072 2575 obviam
1096 2507 1222 2573 Christo
1243 2507 1376 2591 rapien-
1453 2559 1454 2564 ,

272 2603 338 2652 mr.
370 2588 531 2656 Similiter
552 2590 722 2677 legislator.
740 2593 849 2656 Moses
871 2591 1040 2676 ceterique
1058 2593 1266 2676 Prophetae,
1289 2593 1377 2675 Apo·
1453 2585 1454 2624 ³

271 2670 343 2735 stoli
374 2669 440 2759 quo
465 2671 525 2746 ue,
555 2673 613 2760 qui
642 2673 742 2760 ipsius
771 2675 911 2738 Domini
945 2673 1087 2738 virtutes
1116 2689 1150 2736 et
1186 2673 1375 2736 doctrinam
1453 2675 1454 2686 ¹

270 2695 533 2840 praesentiiliter
560 2757 769 2842 perspexere,
802 2761 908 2820 nubes
944 2757 1037 2830 sunt3
1071 2756 1107 2820 in
1129 2775 1272 2842 quorum
1294 2754 1376 2820 fidei
1453 2793 1454 2826 ι

164 2845 170 2858 ¹
272 2851 310 2900 et
329 2837 487 2914 sotionis,
521 2838 591 2925 spei
611 2860 745 2925 quoqne
766 2855 800 2904 et
820 2839 985 2914 caritatis,
1015 2838 1172 2905 scientiae
1194 2851 1228 2902 et
1248 2839 1376 2925 sapien·

263 2919 356 2995 tiae,
381 2938 631 3008 ceterarumque
652 2923 815 2988 virtutum
840 2922 1016 3009 exemplis,
1046 2921 1152 2988 veluti
1173 2923 1375 3007 quibusdam

166 3007 182 3058 -“
261 3003 435 3078 nubibus,
466 3005 525 3090 qui
546 3003 583 3068 in
604 3008 668 3069 h'ac
688 3005 760 3069 vita·
779 3006 912 3070 illorum
933 3005 1011 3069 velli
1037 3005 1291 3090 insequuntur,
1324 3025 1375 3069 ra·

200 3105 202 3112 ’
268 3084 408 3184 pientur
428 3086 560 3152 obviam
584 3088 731 3162 Christo,
754 3090 836 3153 ficut
860 3106 893 3153 et
912 3089 987 3176 ipsi,
1011 3029 1078 3152 ive
1094 3087 1247 3154 viventes
1263 3085 1376 3152 adhuc

270 3189 308 3230 an
330 3190 446 3242 cerne,
468 3169 573 3256 rapti,
595 3171 661 3236 five
682 3193 781 3236 carne
794 3172 903 3236 soluti.
943 3171 1029 3246 Dic,
1053 3171 1190 3258 quaeso,
1213 3193 1289 3267 qno⁸
1303 3191 1378 3269 rap·

270 3265 325 3313 tua
348 3253 391 3314 ast
410 3254 546 3326 Enoch,
571 3275 638 3340 quo
659 3254 766 3329 Elias,
798 3255 857 3340 qui
878 3257 987 3320 adhuc
1009 3254 1046 3318 in
1068 3275 1167 3319 carne
1188 3253 1370 3326 conlhlult,

153 3362 157 3370 ¹
268 3333 358 3419 rapti
378 3335 466 3400 sunt.
507 3338 632 3402 Nonne
651 3337 784 3402 obviam
807 3337 953 3412 Christo,
990 3359 1087 3424 quem
1109 3337 1228 3422 spiritu
1248 3357 1373 3424 cogno·

195 3427 203 3441 ⁸
274 3433 606 3484 veruntventurnm
638 3421 702 3484 esse
731 3420 767 3484 in
789 3420 982 3485 mundum?
1016 3421 1098 3506 Quo
1118 3422 1303 3495 Abraham,
1333 3423 1376 3484 de

269 3518 338 3585 quo
369 3500 525 3569 dominus
545 3502 616 3589 ipse
637 3503 738 3568 dicits
776 3505 877 3569 Vidit
896 3505 1057 3570 Abraham
1078 3505 1165 3567 aliem
1184 3527 1304 3580 mmm,
1339 3518 1375 3566 et

161 3617 165 3646 t
266 3579 404 3686 gauisus
424 3585 481 3675 est.
525 3585 618 3672 Quid
640 3587 778 3652 moror?
815 3589 892 3672 Quo
915 3587 992 3664 lob,
1026 3587 1085 3674 qui
1106 3586 1209 3658 dixits
1244 3589 1375 3654 Audito

268 3677 361 3731 cures
388 3673 597 3745 audiet-ee,
615 3678 698 3733 nune
715 3685 834 3738 ‹ozetem
855 3673 963 3737 oculto
983 3695 1073 3736 meter
1090 3673 1188 3736 videt
1206 3685 1249 3736 te.
1293 3671 1372 3756 Quo

267 3749 396 3825 Maleae
420 3753 599 3817 ascendens
618 3753 654 3816 in
683 3770 832 3817 montem
855 3753 958 3822 Sinai.
1002 3757 1079 3841 Quo
1100 3752 1203 3819 ceteri
1225 3756 1373 3852 Prophe·

269 3845 325 3931 ιιι
351 3836 592 3919 praevidentes
614 3839 753 3900 verbum
776 3836 841 3900 Dei
861 3835 898 3902 in
920 3853 1241 3914 carneventurum,
1273 3860 1305 3902 et
1329 3857 1374 3902 ue

267 3913 388 4001 sprritu
410 3935 632 3983 occurrentes.
676 3922 752 4004 Quo
773 3923 892 3986 Petrus
910 3946 929 3985 r
973 3936 1032 3988 tua*
1048 3921 1109 3996 eli,
1139 3919 1290 3986 Domino
1308 3860 1372 3986 luo

268 3991 490 4096 respondens:
516 4007 560 4066 Tu
582 4025 616 4066 as
639 4002 913 4098 ClasistusUFt'lt'ur
989 4007 1105 4071 tetvi.
1126 4007 1231 4152 ,zssqo
1246 4005 1373 4069 Paulus

269 4081 465 4148 intertium
486 4088 618 4153 coelum
639 4088 841 4153 aseendente·
868 4089 993 4168 Nonne
1012 4109 1130 4158 omnes
1153 4088 1160 4102 '
1190 4089 1217 4164 ',
1240 4108 1370 4154 eorum-
